3152 4852
264 267 282 323 4

262 440 319 498 est.
372 433 422 496 lta
451 470 492 478 —
521 438 554 495 ut
584 432 720 516 primum
749 451 866 515 penam
899 432 1094 514 exemplum,
1125 433 1207 515 qued
1238 434 1332 517 vulgo
1363 456 1384 498 a

262 534 340 602 viris
356 535 457 600 doctis
472 535 606 598 affertur
621 571 662 580 -
679 534 751 599 Cas.
767 535 821 616 IV,
836 537 865 616 2,
884 539 919 596 11
945 553 1040 598 sarra
1056 535 1253 618 Pardalisca,
1275 556 1384 619 quam·

262 656 360 719 quam
392 643 489 702 antea
520 635 599 700 nihil
628 636 711 700 dixit
734 636 773 700 de
795 636 943 719 domina,
969 636 1060 701 dicit:
1083 637 1151 718 Ego
1174 656 1225 720 eo,
1248 657 1310 721 quo
1334 658 1384 702 me

188 743 190 746 ’
261 740 334 823 ipsa
363 739 458 805 misit.
509 737 616 802 Etiam
640 738 712 803 Aul.
737 740 813 802 356:
845 740 905 815 „At
927 739 991 802 iam
1014 737 1188 820 adseratur,
1217 740 1244 803 si
1273 740 1383 804 afcrc

261 843 351 925 ipsus
389 840 536 907 redierit“
579 840 714 906 eandem
757 840 883 904 dicandi
921 841 1182 906 cousuetudinem
1222 841 1383 908 habemus.

262 944 357 1028 Apud
372 943 558 1009 'Parentium
581 943 644 1006 duo
667 943 818 1025 exempla
841 949 985 1007 exstant:
1008 942 1106 1008 Andr.
1122 946 1196 1008 265:
1219 944 1280 1009 Sed
1301 964 1384 1009 nunc

262 1065 400 1129 peropus
430 1052 478 1110 est
507 1052 564 1110 aut
594 1044 676 1109 hunc
706 1064 776 1108 cum
809 1044 882 1127 ipsa
912 1050 968 1108 aut
996 1044 1037 1108 de
1059 1045 1115 1108 illa
1137 1065 1187 1111 me
1211 1047 1383 1111 advorsum

263 1148 347 1213 hunc
369 1149 465 1231 loqui,
489 1155 520 1212 et
543 1147 640 1213 Andr.
657 1150 732 1212 360:
755 1147 926 1212 Paululum
950 1146 1070 1226 obsoni,
1093 1147 1184 1230 ipsus
1207 1149 1319 1214 tristis:
1343 1149 1383 1215 de

261 1249 435 1335 improviso
458 1248 599 1332 nuptiae.

345 1353 419 1420 Alia
441 1353 610 1436 exempla,
641 1351 695 1416 ubi
725 1351 766 1418 de
796 1350 856 1417 hoc
879 1372 938 1416 usu
961 1351 1088 1416 dicendi
1112 1352 1247 1434 cogitari
1269 1358 1383 1435 petest,

260 1457 364 1522 minus
387 1462 473 1528 certa
496 1461 579 1533 sunt,
602 1474 672 1518 cum
696 1455 885 1537 plerumque
907 1453 940 1517 in
960 1453 1224 1518 antecedentibus
1239 1455 1383 1520 versibus

259 1557 380 1624 domini
410 1558 462 1622 vel
491 1557 642 1621 dominae
672 1556 790 1621 mantio
813 1556 901 1620 iacta
925 1556 975 1621 sit.
1020 1554 1084 1620 Sed
1107 1562 1214 1621 tamen
1239 1556 1316 1622 (list.
1330 1558 1383 1640 IV,

260 1665 288 1744 2,
303 1664 354 1745 99,
376 1660 428 1725 ubi
458 1659 575 1742 legitur
606 1658 772 1738 ,Ceterum
802 1678 843 1724 ex
873 1659 960 1742 ipsa,
990 1658 1134 1736 obsecro,
1166 1657 1383 1740 Exquiritcte:

258 1783 318 1848 ego
342 1783 437 1828 serva
460 1767 561 1844 sum“,
591 1780 787 1844 quamquam
817 1762 915 1844 paulo
938 1767 1019 1825 ‘ants
1042 1760 1172 1825 domina
1195 1780 1383 1826 commemo-

258 1873 332 1930 rata
354 1872 415 1946 est,
446 1871 576 1949 propter
598 1863 698 1929 rerba
731 1883 809 1948 ,ego
832 1882 925 1928 serva
948 1867 1036 1926 sum“
1062 1863 1198 1927 eundem
1223 1883 1314 1928 usum
1338 1864 1383 1927 di·

259 1969 351 2036 cendi
375 1974 504 2033 exstare
526 1973 611 2051 puto.

345 2071 400 2134 Bis
420 2070 603 2135 coniectura
625 2067 707 2133 hanc
730 2066 993 2150 significationem
1017 2067 1164 2132 effectam
1188 2087 1260 2133 esse
1275 2068 1382 2134 viden:
1458 2105 1462 2112 ·

347 2172 446 2237 Stich.
461 2175 521 2234 677
539 2165 820 2254 legiturz'lstarum
838 2177 989 2234 ventures
1011 2169 1105 2246 viros,
1128 2168 1172 2232 ibi
1195 2169 1383 2236 festinamus

260 2294 379 2340 omnes.
401 2310 443 2320 —
465 2273 633 2338 Eualdius
655 2277 736 2336 teste
753 2271 980 2356 Studemundc,
1004 2271 1084 2336 Nor.
1105 2291 1177 2338 ann.
1196 2277 1253 2335 113
1271 2271 1382 2357 (1876)

258 2398 288 2460 p.
305 2380 353 2454 73,
376 2375 470 2457 legit:
497 2375 646 2458 ipsarum
678 2379 829 2438 ventures
859 2380 940 2455 cett,
971 2373 1027 2437 sed
1061 2373 1163 2438 forma
1198 2374 1378 2458 ,ipsarum“

259 2480 333 2544 serri
357 2477 475 2559 nequit,
498 2476 536 2542 cl.
559 2498 589 2560 p.
606 2479 654 2540 24.

344 2579 550 2645 Schreinerus
579 2587 661 2644 teste
691 2578 843 2662 Ussingic
874 2579 983 2644 scribit
1013 2578 1077 2642 Mil.
1094 2581 1173 2644 844:
1205 2581 1256 2644 lta
1283 2582 1382 2646 reru?

259 2691 292 2748 ut
306 2691 341 2747 tu
355 2683 417 2767 ipsi
436 2702 487 2747 me
503 2681 623 2747 dixisse
638 2681 764 2747 delices.
781 2719 822 2728 -·
839 2682 937 2747 (lodd.
964 2688 1015 2760 ,tu
1039 2682 1139 2766 ipse“,
1162 2702 1257 2764 quam
1275 2684 1380 2750 lectic-

257 2805 329 2850 nem
353 2784 530 2850 rectissime
552 2791 684 2848 serrant
706 2784 859 2867 editores,
888 2803 960 2848 cum
994 2783 1103 2848 dativo
1126 2804 1166 2848 ex
1189 2785 1286 2850 verbo
1312 2786 1381 2865 ,de

258 2887 353 2953 lices“
379 2886 539 2971 pendente
561 2907 624 2950 non
647 2906 728 2969 opus
751 2887 801 2950 sit.

343 2989 482 3071 Similia,
513 3007 597 3070 quae
627 2987 833 3052 inveniuntur
863 2987 950 3072 apud
982 2988 1158 3070 Catullum,
1187 2990 1380 3069 Petronium,

259 3091 448 3176 Martialem,
469 3092 552 3155 alios
575 3091 688 3173 paucis
710 3096 850 3154 tractant
872 3109 942 3154 cnm
966 3090 1023 3154 alii
1047 3097 1113 3154 tum
1137 3091 1286 3156 Hertzius
1303 3093 1380 3172 Mus,

255 3195 353 3260 Rhen.
369 3194 471 3276 XVlI,
499 3214 528 3276 p.
546 3196 606 3256 325
617 3213 672 3274 sq,
703 3191 913 3257 Ruhnkenius
942 3192 984 3255 ad
1013 3195 1085 3257 'l'er
1112 3193 1210 3258 Andr.
1228 3195 1267 3271 ll,
1283 3197 1311 3275 2,
1325 3197 1379 3274 23,

255 3296 471 3360 Baehrensius
493 3295 526 3358 in
549 3315 662 3359 comm.
684 3293 727 3358 ad
752 3294 914 3358 Catullum
939 3314 968 3376 p.
985 3298 1024 3358 78
1048 3300 1079 3358 et
1104 3297 1152 3358 83.

339 3398 403 3463 Sed
428 3397 507 3462 haec
528 3396 690 3462 hactenus.

340 3501 378 3564 In
401 3498 558 3582 exemplis
580 3498 754 3563 afferendis
777 3497 936 3563 editiones
957 3506 1086 3564 secutus
1104 3519 1188 3562 sum:
1211 3498 1380 3564 Bitschelii

255 3602 369 3684 Amph.
391 3603 478 3669 Asin.
502 3601 573 3666 Aul.
598 3601 692 3667 Cure.
713 3601 805 3684 Epid.
828 3600 944 3667 Bacch.
969 3602 1060 3667 Most.
1084 3603 1166 3668 Men.
1193 3601 1258 3666 Mil.
1285 3603 1380 3668 Marc.

257 3706 370 3771 Pseud.
388 3707 484 3770 Poen.
499 3705 586 3770 Pers.
601 3704 699 3770 Stich.
719 3703 806 3772 'Prin
829 3704 930 3786 Truc,
952 3704 1154 3770 Fleckeiseni
1177 3704 1269 3790 (lapt.
1292 3707 1379 3788 Rud,

257 3806 369 3872 Weisii
400 3807 472 3872 Cas.
504 3806 595 3888 cist,
630 3806 876 3890 Umpfenbachii
912 3809 1104 3872 Terentium.
1135 3845 1174 3854 —
1204 3809 1378 3874 Praeterea

255 3909 410 3974 nonnulla
433 3909 583 3991 exempla
606 3909 698 3971 attuli
721 3928 760 3973 ex
789 3908 980 3992 fragmentis
1001 3910 1163 3974 Plautinis
1185 3931 1206 3974 a
1231 3910 1378 3975 Wintern

256 4010 395 4076 collectis
418 4018 511 4076 etex
534 4009 678 4092 reliquiis
700 4017 835 4095 poeseos
858 4011 1029 4076 scaenicae
1047 4031 1067 4075 a
1084 4010 1260 4077 llilrbeclrio
1276 4011 1378 4076 editis.
1463 4051 1466 4056 -
1541 4043 1542 4058 .
