3152 4852
280 1222 367 1333 (ium
392 1267 470 1361 mihi
487 1268 731 1354 ,proposuissem
755 1269 795 1335 de
818 1269 928 1334 formis
955 1276 986 1336 et
1007 1291 1068 1336 usu
1090 1273 1313 1357 pronominum

197 1369 303 1455 ,ipse“
329 1376 361 1435 et
386 1369 507 1449 ,ideml
534 1371 621 1454 apud
643 1372 793 1437 Plautum
817 1371 982 1458 disserere,
1007 1371 1179 1459 praecipue
1201 1382 1235 1440 ut
1260 1375 1314 1442 de-

193 1477 421 1557 monstrarem,
444 1492 528 1556 quae
552 1473 777 1540 similitudines
799 1474 882 1540 inter
903 1474 983 1540 haee
1008 1479 1200 1558 pronomina
1222 1478 1315 1544 inter-

192 1573 355 1658 oederent,
378 1575 474 1641 faoila
496 1574 640 1641 intellexi
663 1575 749 1641 haud
772 1595 844 1640 raro
868 1577 910 1641 ad
933 1577 1077 1660 aliquam
1099 1598 1165 1644 rem
1189 1579 1315 1646 demon-

192 1678 360 1747 strandam
377 1679 487 1762 magni
502 1678 664 1756 interesse,
688 1680 917 1744 Terentianum
935 1698 1062 1762 quoque
1080 1700 1170 1746 usum
1188 1680 1314 1748 dioendi

193 1781 354 1864 cognitum
370 1779 497 1848 habere.
543 1781 657 1865 Itaque
672 1780 859 1865 praesertim
876 1800 948 1846 oum
971 1782 1101 1866 saepius
1117 1792 1315 1850 ooourrerent

194 1884 375 1949 sententiae
405 1885 545 1949 virorum
575 1882 754 1967 doetorum,
791 1883 906 1967 quibus
936 1882 1010 1948 falsi
1041 1883 1164 1966 aliquid
1195 1885 1234 1952 de
1265 1887 1314 1953 his

194 1986 434 2071 pronominibus
449 1985 536 2071 apud
549 1985 735 2050 'Ferentium
751 1983 914 2069 usurpatis
929 1985 1203 2070 pronuntiabatur,
1215 1989 1313 2053 etiam

193 2089 343 2172 exempla
365 2109 405 2154 ex
428 2088 487 2153 hoo
509 2094 605 2171 poeta
629 2092 757 2171 sumpta
779 2087 967 2170 diligentius
988 2092 1130 2174 tractare
1156 2091 1314 2156 constitui.

193 2190 258 2255 Sed
274 2189 425 2273 quoniam
441 2191 570 2274 longum
586 2195 657 2256 erat
676 2209 802 2255 omnem
818 2209 885 2255 rem
901 2195 1107 2274 pertractare,
1129 2210 1171 2255 ne
1185 2192 1314 2257 modum

114 2356 115 2360 ,
193 2293 363 2358 excederet
378 2291 564 2377 disputatio,
586 2298 691 2358 oe'rtas
706 2299 815 2377 partes
830 2292 924 2376 elegi,
945 2293 986 2358 de
1002 2292 1117 2376 quibus
1132 2295 1314 2360 aoouratius

193 2395 392 2461 dissererem.
657 2402 660 2408 '

277 2498 391 2581 Itaque
414 2497 518 2581 priore
540 2503 632 2580 parte
654 2497 793 2580 primum
816 2496 922 2562 dicam
938 2496 978 2562 de
993 2497 1103 2560 formis
1118 2498 1315 2582 pronominis

198 2600 314 2685 ,ipse“,
344 2598 462 2664 deinde
493 2586 534 2664 de
564 2598 772 2665 oollooatione
803 2598 896 2664 huius
925 2599 1121 2683 pronominis
1151 2619 1221 2664 oum
1246 2601 1315 2665 sub-

195 2701 344 2766 stantivis
360 2707 391 2767 et
407 2701 481 2766 aliis
496 2701 738 2786 pronominibus
754 2701 928 2785 ooniunoti3
950 2701 1054 2767 altera
1070 2699 1162 2784 parte
1177 2703 1314 2785 primum

194 2803 350 2869 disseram
379 2804 421 2870 da
451 2804 660 2869 oollooatione
692 2804 889 2888 pronominis
922 2805 1043 2883 ,idem“
1074 2823 1144 2869 oum
1172 2804 1315 2870 substan·

192 2906 268 2972 tivis
297 2913 329 2972 et
359 2906 433 2973 aliis
455 2906 697 2991 pronominibus
719 2905 891 2989 ooniunoti,
921 2905 1036 2972 deinde
1066 2927 1172 2990 panea
1195 2907 1314 2972 addam
1394 2894 1396 2902 ’

194 3009 235 3074 de
265 3009 443 3093 syntaotioo
474 3029 533 3074 usu
562 3008 657 3074 huius
687 3009 883 3094 pronominis
914 3015 945 3072 et
976 3007 1120 3074 adverbii
1154 3010 1316 3088 ,eadem“.

192 3148 236 3158 —
264 3111 314 3176 De
345 3111 456 3176 formis
486 3111 685 3196 pronominis
718 3110 839 3190 „idem“
872 3110 1039 3194 disputare
1065 3131 1127 3174 non
1152 3131 1232 3195 opus
1259 3119 1315 3194 est,

194 3233 264 3278 oum
292 3220 393 3305 totam
420 3213 503 3279 hano
539 3234 606 3280 rem
636 3213 879 3279 aoouratissime
908 3211 1097 3278 tractaverit
1124 3213 1316 3278 Ritsohelius

194 3337 245 3401 op.
259 3315 313 3401 IV,
337 3319 477 3399 313sqq.
1231 3327 1233 3333 '

281 3417 372 3483 Nihil
396 3417 498 3484 dioam
523 3418 563 3482 de
586 3416 820 3500 significatione
842 3416 953 3481 horum
972 3416 1202 3501 pronominum,
1223 3436 1314 3500 prae·

196 3521 318 3585 sertim>
343 3539 413 3584 oum
452 3539 473 3584 a
511 3519 696 3603 Kuehnero,
732 3519 872 3604 Haasio,
908 3519 1085 3603 Draegero,
1117 3518 1315 3584 Kuehnastio

195 3624 298 3708 (Synt.
318 3621 388 3689 Liv.
410 3644 439 3708 p.
457 3624 617 3706 lllsqq.),
639 3623 713 3688 aliis
736 3643 776 3688 ea
799 3623 840 3688 de
863 3641 897 3688 re
918 3621 965 3686 ita
987 3621 1184 3705 disputatum
1209 3623 1258 3705 sit,
1282 3628 1316 3686 ut

194 3724 272 3790 nihil
296 3721 366 3790 fere
388 3725 462 3790 novi
485 3725 627 3810 proferre
659 3717 787 3810 possim.
810 3761 851 3771 —
875 3724 980 3790 Unum
1004 3730 1131 3807 tamen,
1160 3723 1244 3806 quod
1273 3725 1316 3788 ad

194 3827 458 3912 significationem
489 3829 687 3913 pronominis
719 3829 825 3913 ,ipse“
851 3829 979 3907 attinet,
1002 3827 1079 3892 mihi
1102 3846 1229 3910 quoque
1249 3828 1314 3892 iam

194 3929 255 3994 hoo
277 3931 346 3995 loco
370 3950 618 3996 commemorare
640 3931 747 3997 lieeat.

281 4033 420 4117 Saepius
443 4033 525 4098 enim
551 4039 583 4099 et
598 4033 685 4116 apud
702 4032 851 4098 Plautum
874 4039 906 4098 et
921 4031 1007 4116 apud
1023 4031 1207 4096 Terentium
1224 4032 1315 4112 servi,

195 4154 266 4200 oum
301 4136 341 4201 da
368 4135 512 4201 ‘dominis
545 4135 611 4201 suis
644 4135 826 4218 loquuntur,
858 4134 944 4199 nudo
980 4133 1168 4217 pronomine
1207 4133 1312 4217 ,ipse“

196 4244 342 4322 utuntur,
371 4238 498 4303 etiamsi
527 4245 625 4304 antea
653 4237 695 4303 da
725 4237 854 4302 domino
885 4236 936 4302 vel
959 4236 1089 4300 domina
1110 4235 1229 4300 dietum
1252 4256 1316 4324 non

1083 4353 1112 4406 1*
