3152 4852
1309 261 1350 322 39

309 425 391 492 Rud.
406 428 469 490 929
491 427 636 494 oodiuum
651 428 746 494 lentio
760 427 949 513 perturbata
964 446 1035 494 esse
1050 427 1182 494 videtur.
1226 429 1350 494 Pareur

223 535 255 594 et
277 528 418 596 Weisius
441 549 554 596 versus
575 531 623 596 ita
644 530 780 615 seriptos
802 529 969 596 exhibent:
983 530 1114 596 lladem
1137 531 1220 596 hano
1243 550 1349 598 saeer-

223 632 329 698 dotem
345 633 528 713 Veneriam,
551 633 578 698 ri
600 634 678 716 quid
693 633 834 717 amplius
848 633 915 712 soit,
940 632 974 698 Si
990 633 1109 717 videro,
1132 633 1349 716 exquisivere:

223 735 323 800 saoiet
352 753 404 800 me
432 735 608 803 certiorem.
630 773 672 782 -
693 735 758 801 Sed
787 741 946 801 structura
974 735 1162 821 „exquirere
1190 735 1349 819 aliquem“
1398 727 1400 733 ’

222 842 346 922 pugnat
376 844 488 903 eontra
517 858 611 904 usum
633 838 827 922 Plautinum,
857 858 920 921 quo
950 837 1130 922 postulatur
1161 839 1352 922 „exquirere
1390 901 1392 907 ,

223 959 264 1004 ex
280 940 406 1024 aliquo“
421 940 460 1006 61.
473 941 565 1026 Oapt
577 945 648 1008 251.
664 944 734 1006 293.
771 940 848 1008 cist.
857 941 911 1024 IV,
927 943 955 1022 2,
970 943 1012 1004 99
1028 939 1161 1027 (visis).
1200 941 1264 1008 Mil.
1277 943 1349 1008 248.

221 1044 309 1108 Pers.
321 1044 392 1110 487.
421 1043 610 1130 Supplenda
624 1051 672 1110 est
687 1044 884 1130 praepositio
900 1049 975 1123 ,616ι
991 1043 1056 1109 Mil.
1069 1046 1141 1110 246.
1151 1079 1194 1093 -·
1207 1045 1279 1110 Cas.
1289 1044 1349 1128 Ill,

222 1149 251 1230 5,
266 1148 307 1210 69
323 1144 386 1231 (ed.
400 1146 498 1213 Weis.
510 1179 551 1200 =
566 1149 625 1231 ΙΙΙ,
649 1151 677 1230 5,
699 1150 740 1210 49
763 1147 812 1214 66.
828 1147 923 1232 Par),
946 1146 1001 1211 ubi
1015 1149 1146 1226 Patous,
1168 1154 1203 1212 nt
1218 1146 1346 1214 videtur

222 1267 293 1314 oum
316 1249 488 1331 oodioibus,
509 1250 587 1333 legit
606 1250 792 1336 „exquirere
808 1269 829 1315 a
844 1251 901 1331 te“‚
923 1269 1036 1316 verum
1059 1269 1130 1315 asse
1152 1256 1239 1335 puto,
1262 1251 1347 1334 quod

220 1350 255 1416 in
284 1351 445 1417 nonnullis
473 1352 668 1418 editionibus
698 1352 815 1437 legitur
844 1351 1029 1435 „exquirere
1058 1371 1097 1418 ex
1127 1352 1187 1420 te“.
1209 1354 1347 1419 -Non

222 1453 284 1519 huo
312 1453 499 1519 referendus
529 1462 579 1521 est
599 1454 716 1521 Pseud.
739 1477 767 1520 v.
785 1458 856 1520 392.
877 1492 920 1502 -
942 1453 1080 1520 Tollitur
1102 1454 1184 1521 haee
1206 1455 1348 1538 offensio,

222 1556 250 1622 si
272 1555 472 1622 Fleokeisani
502 1557 671 1624 lectionem
700 1559 884 1643 reeipimns:
915 1557 1038 1624 Eadem
1072 1576 1179 1642 opera,
1209 1558 1348 1624 Veneria

221 1661 304 1726 haee
326 1660 476 1741 sacerdos
499 1660 605 1743 siquid
627 1659 769 1744 amplius
791 1660 859 1738 soit,
882 1659 916 1724 Si
939 1659 1060 1744 videro,
1081 1660 1290 1743 exquisivero.
1307 1697 1348 1710 -

221 1761 356 1846 „opera“
377 1781 489 1828 versus
512 1762 683 1846 supplendi
707 1782 806 1828 oansa
829 1761 974 1827 additum
999 1767 1057 1828 est.

308 1868 400 1931 Trno.
417 1867 478 1929 806
502 1865 541 1930 B:
572 1865 614 1930 Ut
643 1865 770 1931 facilins
800 1865 867 1929 alia
890 1883 988 1946 quam
1012 1863 1076 1930 alie
1103 1864 1190 1928 6666
1212 1883 1347 1949 puerum

222 1973 258 2032 nt
284 1971 329 2032 nri
355 1973 457 2054 paret.
478 2005 521 2015 -
542 1966 667 2033 Eadem
695 1967 747 2032 vel
773 1965 892 2030 similia
919 1967 1040 2050 scripta
1067 1973 1142 2030 sunt
1169 1967 1202 2030 in
1234 1966 1347 2032 ueteris

221 2071 321 2136 libris.
365 2070 568 2136 Camerarius
591 2069 730 2153 soripsit:
754 2069 796 2134 Ut
811 2068 940 2134 facilius
955 2068 1021 2134 alia
1043 2087 1140 2152 quam
1157 2068 1216 2134 illa
1232 2068 1347 2137 undest

221 2195 355 2259 puerum
385 2174 524 2239 alienum
556 2173 650 2257 parit.
693 2171 756 2238 Sed
787 2171 964 2257 „alienum“
994 2191 1015 2236 a
1045 2171 1188 2236 eodioum
1210 2172 1348 2238 leotione

221 2277 316 2343 nimis
338 2276 432 2359 longe
454 2275 582 2342 raeedit.
626 2273 780 2359 Gepperti
803 2274 1347 2358 6661661616,66616616161111666ι

222 2380 273 2446 vel
302 2383 476 2465 propterea
510 2377 674 2443 reioienda
709 2383 773 2455 est,
811 2376 896 2458 quod
932 2394 996 2440 vox
1026 2375 1203 2459 ,‚uterinus“
1235 2377 1348 2459 quinto
1458 2439 1462 2444 .

222 2482 350 2548 demum
372 2482 423 2548 vel
439 2486 531 2545 sexto
547 2485 620 2563 post
635 2478 708 2546 (ihr.
723 2498 752 2544 n.
767 2479 898 2543 saeoulo
913 2478 1084 2543 invenitur.
1129 2479 1203 2543 Mea
1219 2478 1347 2562 quidem

222 2583 382 2652 sententia
394 2582 571 2648 Sohoellius
581 2588 666 2650 reete
679 2579 865 2646 Bueeheleri
878 2581 1063 2646 oonieotura
1075 2581 1208 2664 „unum“
1219 2588 1347 2666 reoepta

219 2694 321 2754 totum
344 2705 469 2753 versum
492 2685 540 2751 sio
561 2684 685 2750 seribit:
709 2684 752 2750 Ut
767 2681 894 2747 facilius
915 2679 983 2748 alia
1003 2702 1102 2765 quam
1127 2683 1194 2748 alia
1209 2685 1347 2750 eundem

221 2811 355 2876 puerum
378 2807 473 2854 unum
497 2787 592 2872 parit.
725 2841 727 2844 .

307 2892 381 2957 Alia
404 2894 454 2956 est
476 2889 557 2954 ratio
579 2887 691 2953 horum
714 2887 942 2971 exemplorum,
973 2886 1006 2951 in
1029 2887 1146 2970 quibus
1168 2907 1345 2972 pronomen

220 2995 342 3081 „idem“
358 2995 465 3059 minus
480 2998 551 3057 arte
565 2991 767 3056 ooniunetum
783 2998 832 3056 est
847 3007 919 3054 oum
935 2989 1153 3056 substantivo:
1176 2990 1290 3076 Amph.
1306 2995 1345 3054 77

220 3098 333 3164 eadem
358 3095 568 3188 histrioni'sit
588 3094 650 3178 lex,
678 3097 738 3157 577
762 3099 794 3158 et
820 3092 907 3176 apud
934 3100 966 3159 te
994 3092 1109 3158 adsum
1134 3094 1228 3158 Sosia
1250 3093 1347 3183 idem,

222 3203 283 3265 862
306 3199 391 3263 idem
407 3197 582 3262 Mercurius
603 3197 658 3279 qui
680 3195 724 3260 fit.
767 3194 857 3262 Asin.
874 3197 932 3257 147
949 3200 1051 3260 mater
1065 3201 1099 3259 tu
1122 3195 1234 3260 eadem
1252 3196 1345 3263 era’s.

222 3300 300 3368 Oist.
312 3301 335 3378 I,
351 3303 380 3384 3,
394 3301 492 3382 29130
508 3297 600 3362 duxit
617 3317 748 3363 uxorem
764 3294 817 3388 hio
832 3295 893 3361 sibi
909 3296 1065 3381 Eandem,
1080 3315 1185 3379 quam.
1230 3299 1346 3365 Baeoh.

222 3407 279 3468 421
312 3402 468 3468 eademne
497 3406 568 3464 erat
596 3398 677 3464 haee
706 3398 895 3482 disciplina,
925 3399 988 3462 946
1018 3398 1102 3463 idem
1132 3419 1201 3464 sum
1234 3399 1346 3466 Ulixes

221 3506 359 3572 Lartius.
410 3504 491 3570 Men.
508 3505 547 3565 44
579 3502 696 3567 idemst
728 3501 884 3566 ambobus
914 3519 1037 3566 nomen.
1091 3501 1185 3567 Mero.
1201 3504 1259 3565 811
1292 3503 1346 3568 lex

220 3615 305 3675 esset
319 3606 444 3687 eadem,
466 3603 533 3670 842
544 3610 640 3686 atque
663 3623 720 3670 era
736 3604 851 3670 eadem
867 3623 902 3668 os
918 3601 1108 3671 hominibus.
1153 3603 1266 3670 Pseud.
1283 3608 1345 3670 304

127 3765 131 3772 .
220 3711 366 3776 eademst
382 3707 460 3772 milri
474 3707 536 3774 lex.
581 3708 676 3772 Poen.
691 3711 751 3770 116
766 3712 859 3791 pater
873 3705 996 3772 harnno
1011 3705 1095 3772 idem
1119 3707 1191 3771 huie
1213 3714 1346 3791 patruos

220 3811 501 3878 adnleseentulost.
544 3810 625 3876 Rud.
640 3813 702 3874 983
725 3799 841 3875 eadem
857 3808 988 3874 tandem
1011 3827 1062 3874 res
1081 3807 1213 3874 videtur.
1258 3810 1345 3876 Trin.

221 3919 282 3978 445
298 3911 457 3980 sententia
480 3913 633 3978 eademst.
676 3912 769 3976 Truo.
789 3912 848 3974 185
871 3909 984 3974 mala’s
999 3917 1098 3993 atque
1113 3911 1238 3995 eadem,
1260 3929 1345 3993 quae

221 4018 315 4102 soles,
337 4015 506 4081 inleeebra.
1101 4064 1106 4074 .

307 4119 388 4184 Men.
408 4118 488 4181 1069
511 4117 615 4184 nodd:
639 4117 766 4183 Siculus
789 4135 859 4182 sum
884 4116 1115 4200 Syracusanus.
1159 4116 1207 4181 lla
1230 4115 1345 4180 domus

221 4229 253 4288 et
274 4221 412 4310 patriast
435 4218 521 4286 mihi.
537 4257 577 4266 -
593 4218 785 4286 Ritsohelius
808 4237 878 4283 eum
902 4219 970 4283 iure
985 4224 1184 4302 exspeetaret
1207 4217 1344 4285 formam
