3152 4852
256 274 275 334 6

255 444 325 506 611.
350 443 422 508 985.
444 443 505 506 987
523 439 607 526 (bis).
630 440 693 504 988
709 439 794 526 (bis).
839 442 965 506 Truoul.
990 448 1040 508 45.
1063 446 1112 507 50.
1132 444 1203 507 559.
1219 443 1290 506 593.
1305 445 1377 508 602.

254 542 398 626 Fragmt.
422 547 491 610 114.

340 645 512 739 Praeterea
525 651 655 728 propter
667 644 890 710 auotoritatem
902 644 1021 710 oodiois
1030 645 1234 711 Ambrosiani
1248 646 1373 731 ‚ipsus“

255 747 605 814 551151151εΜ551.795.
627 749 724 813 Poen.
741 749 812 815 708.
835 747 922 813 Trin.
938 749 1243 832 151365151515
1260 748 1377 832 quibus

255 850 399 916 versibus
422 850 518 915 ueteri
542 849 632 914 oodd.
653 849 790 914 formam
817 850 922 942 „ipse“
949 850 1110 916 exhibent.

341 953 549 1037 Saepissime,
578 952 633 1018 ubi
662 953 696 1017 in
726 952 817 1020 oodd.
839 953 956 1037 legitur
981 954 1101 1039 „ipse“,
1131 974 1224 1020 versu
1253 955 1378 1039 plenior

254 1058 357 1122 forma
380 1056 571 1140 postulatur,
595 1074 679 1139 quae
701 1055 900 1122 restituenda
922 1062 972 1121 est
994 1057 1027 1121 in
1050 1057 1101 1122 his
1123 1058 1281 1123 versibus:

340 1160 429 1224 Asin.
445 1161 506 1224 463
529 1158 660 1223 Salvom
676 1159 783 1225 herole
799 1160 866 1224 erit.
904 1159 1043 1224 Credam
1058 1159 1135 1241 sore,
1154 1159 1231 1225 dum
1246 1160 1377 1244 quidem

168 1323 173 1330 .
255 1260 379 1346 ipsein
402 1281 499 1327 manu
515 1261 625 1327 habeo.
649 1297 690 1308 -
715 1262 840 1345 „ipsus“
859 1261 1042 1328 Muellerus.
1086 1261 1221 1327 Ceterae
1237 1264 1379 1330 rationes

254 1365 449 1432 emendandi
481 1365 532 1452 (of.
559 1365 730 1431 Muellerus
758 1367 810 1430 Pr.
832 1367 879 1432 Pl.
901 1387 931 1451 p.
949 1365 1025 1450 714)
1062 1365 1167 1432 minus
1201 1367 1278 1431 mihi
1309 1388 1378 1452 pro-

254 1468 378 1534 bantur.
1194 1532 1195 1536 ,

341 1571 434 1655 Capt.
449 1573 507 1634 461
534 1570 632 1634 Miser
647 1568 783 1652 homost,
805 1571 859 1652 qui
874 1571 944 1654 ipse
960 1571 1028 1652 sibi,
1053 1571 1138 1654 quod
1154 1572 1229 1650 edit,
1251 1572 1378 1655 quaerit

255 1677 287 1737 et
308 1673 343 1737 id
365 1691 463 1755 aegre
484 1670 615 1736 invenit.
637 1708 680 1718 -
705 1672 829 1756 „ipsus“
855 1656 1095 1739 Fleckeisenus.

340 1775 431 1857 Capt.
455 1778 515 1837 777
544 1775 686 1838 Tantum
715 1773 841 1855 adsero,
872 1780 1026 1856 quantum
1059 1776 1130 1859 ipse
1159 1796 1179 1841 a
1208 1774 1257 1840 dis
1288 1781 1379 1859 optat

254 1885 352 1961 atque
374 1877 473 1942 etiam
497 1875 645 1959 amplius.
669 1912 712 1922 -
736 1876 862 1959 „ipsus“
888 1876 1026 1942 Reinius.

340 1977 454 2044 Baooh.
473 1982 553 2041 1160
578 1977 642 2043 Sed
665 1978 742 2061 quid
764 1979 847 2043 istuo
870 1979 940 2043 5517
963 1979 1113 2044 etsiiam
1136 1999 1195 2062 ego
1212 1980 1284 2064 ipse
1300 1981 1378 2062 quid

254 2082 294 2146 sit
325 2097 426 2165 prope
456 2081 536 2145 seire
567 2085 643 2163 puto
676 2100 736 2146 me.
766 2121 807 2131 -
840 2081 966 2164 „ipsus“
999 2079 1203 2147 Ritsoholius.
1257 2083 1379 2147 Pravos

252 2202 401 2248 numeros
416 2181 537 2260 retinet,
561 2188 595 2246 ut
615 2181 703 2261 solet,
719 2181 898 2265 Ussingius.
942 2182 1117 2248 Reioienda
1132 2189 1182 2248 est
1197 2183 1378 2249 Hermanni

257 2285 438 2352 ooniootura
465 2285 545 2362 „etsi
577 2285 648 2368 ipse
679 2303 738 2366 ego
769 2285 866 2368 iam“,
896 2304 966 2360 oum
989 2285 1146 2351 eiusmodi
1168 2287 1286 2370 positio
1309 2308 1379 2372 pro·

255 2391 419 2455 nominum
445 2389 532 2474 „ipse
548 2392 624 2472 ego“
649 2388 725 2454 ferri
748 2409 811 2453 non
834 2391 943 2474 possit,
965 2385 1003 2454 o'f.
1027 2411 1056 2474 p.
1073 2392 1121 2454 32.
1196 2463 1198 2468 ¹

341 2493 435 2559 Mero.
451 2493 491 2556 89
514 2489 686 2556 Talentum
717 2492 842 2575 argenti
873 2491 942 2577 ipse
972 2511 1031 2556 sua
1058 2493 1248 2559 adnumerat
1271 2514 1378 2562 manu.
1405 2584 1410 2598 ⁸

256 2631 298 2641 -
324 2595 450 2678 „ipsus“
476 2593 689 2659 Camerarius.

342 2696 430 2762 Trin.
451 2699 507 2759 112
530 2695 689 2773 Quoniam
719 2695 793 2760 hine
821 2697 937 2760 iturust
967 2696 1036 2779 ipse
1064 2696 1096 2760 in
1125 2697 1315 2765 Seleuciam.
1336 2736 1380 2746 —

260 2799 385 2883 „ipsus“
411 2799 621 2863 Hermannus.

341 2900 455 2967 Pseud.
472 2900 533 2963 884
557 2900 650 2982 Ipsus
673 2899 735 2964 sibi
757 2900 874 2964 faniam
897 2905 931 2964 ut
956 2898 1074 2982 digitos
1096 2901 1269 2984 praerodat
1295 2921 1378 2967 suos.

255 3042 299 3052 —
324 3004 449 3087 „ipsus“
475 3003 596 3068 Dousa.
622 3002 726 3085 „ipse“
753 3004 791 3085 A,
816 3003 939 3085 „ipsos“
964 3003 1002 3068 Β.
1053 3003 1250 3068 Nominativi
1276 3005 1380 3069 forma

259 3107 396 3191 „ipsos“‚
419 3125 503 3188 quae
526 3103 714 3170 auctoritate
738 3104 856 3170 oodiois
873 3105 898 3168 B
915 3103 1093 3169 oonfirmari
1110 3105 1245 3190 videtur,
1265 3107 1379 3172 Plauto

255 3208 351 3273 tribui
374 3207 494 3290 nequit.
540 3206 704 3271 Invenitur
726 3205 807 3271 haee
829 3206 933 3270 forma
955 3207 988 3270 in
1012 3206 1169 3289 excerptis
1184 3208 1277 3273 Pauli
1294 3208 1380 3275 Fest.

258 3331 287 3394 p.
304 3313 337 3374 6:
363 3309 491 3389 „Aliuta
521 3308 647 3391 antiqui
679 3307 826 3373 dicebant
856 3328 914 3392 pro
948 3308 1091 3390 „aliter“,
1122 3313 1173 3374 ex'
1190 3308 1315 3375 Craeoo
1345 3311 1379 3375 id
1434 3321 1435 3326 ’

257 3404 401 3490 ἀλλοίως
436 3411 673 3476 transferentes
730 3409 814 3474 Hine
848 3415 897 3475 est
925 3410 1005 3474 illud
1035 3410 1068 3474 in
1098 3409 1222 3494 legibus
1252 3412 1379 3478 Numae

256 3514 407 3598 Pompili:
430 3513 465 3579 Si
488 3513 659 3597 quisquam
682 3513 783 3576 alluta
805 3512 897 3596 faxit,
919 3512 1006 3596 ipsos
1023 3511 1091 3576 lovi
1107 3519 1307 3578 saoe1·esto.“

341 3617 391 3681 De
413 3615 528 3699 Amph.
550 3636 579 3680 v.
595 3617 665 3696 960,
688 3633 782 3696 quem
806 3634 877 3680 oum
900 3613 1111 3681 Fleckeiseno
1134 3615 1199 3699 (ep.
1218 3616 1285 3683 orit.
1300 3617 1379 3703 XX)

255 3719 425 3801 legendum
451 3737 521 3782 esse
544 3723 634 3801 puto:
664 3715 802 3782 Proinde
833 3717 878 3782 eri
902 3722 937 3782 ut
966 3717 1042 3795 sint,
1073 3715 1183 3782 itidem
1211 3718 1302 3802 ipsus
1324 3719 1379 3785 sit:

257 3819 378 3884 voltum
401 3839 418 3885 5
441 3819 528 3884 voltu
551 3823 723 3903 eomparet‚
746 3820 783 3884 of.
806 3840 836 3903 p.
853 3824 889 3883 51
916 3826 1023 3884 annot.

341 3921 461 3987 Contra
488 3921 624 3985 formam
650 3921 753 4004 „ipse“
779 3920 980 3986 retinendam
1007 3941 1079 3986 esse
1103 3927 1179 4005 puto
1202 3924 1290 3990 'Prin
1307 3925 1378 4007 309,

257 4024 310 4089 ubi
333 4024 366 4088 in
389 4023 479 4090 oodd.
501 4023 631 4106 legitur:
661 4021 695 4087 Si
727 4023 969 4106 ipseanimum
992 4024 1134 4107 pepulit,
1161 4025 1253 4090 vivit:
1275 4025 1378 4090 vietor

256 4125 412 4191 viatorum
429 4126 522 4192 eluet.
565 4126 779 4208 Hermannus‚
802 4145 895 4209 quern
913 4125 1052 4191 editores
1068 4132 1253 4211 sequuntur,
1271 4147 1376 4194 emen-

255 4228 312 4294 dat
337 4228 404 4308 „sin
426 4229 525 4312 ipset
569 4228 763 4296 Ritsohelius
785 4228 818 4294 in
843 4235 949 4295 annot.
973 4228 1106 4296 alterius
1133 4228 1283 4296 editionis
1305 4251 1378 4316 pro-
