3152 4852
290 257 331 320 50

375 426 463 492 Asin.
478 429 540 492 613
573 426 676 493 codd:
707 424 785 491 Mihi
824 429 975 491 certumst
1004 423 1129 492 efficere
1158 424 1192 490 in
1224 443 1278 490 me
1311 420 1435 488 omnia

289 527 413 612 eadem,
442 549 525 611 quae
555 535 590 595 tu
618 531 652 595 in
681 535 713 596 te
744 529 837 595 saxis.
859 543 902 575 -·-
925 527 1152 594 Fleckeisenus
1179 526 1308 592 scribit:
1345 525 1435 592 Mihi

290 637 440 698 certumst
456 632 582 699 efficere
597 632 705 698 omnia
727 632 761 697 iu
781 651 831 698 me
846 632 960 697 eadem
976 650 1061 714 quae
1076 637 1147 697 cett
1191 631 1255 696 Sed
1271 628 1434 696 maxime

289 732 367 799 mibi
383 735 545 818 probatur,
570 734 654 818 quod
670 734 823 800 Goetzius
837 739 870 800 et
885 733 1035 798 Loewins
1051 729 1297 798 Lachmannum
1316 731 1433 797 secuti

288 843 416 902 servato
446 837 557 903 ordine
587 838 764 919 verborum,
796 837 851 919 qui
881 842 928 900 est
956 837 989 899 in
1020 834 1196 918 codicibus,
1226 835 1282 901 sed
1309 834 1433 900 deleto

287 939 475 1024 pronomine
497 937 608 1021 „mihi“
631 938 785 1003 scribunt:
817 937 977 1004 Certumst
1006 937 1131 1004 efficere
1159 936 1193 1001 in
1223 957 1273 1004 me
1305 938 1431 1002 omnia

287 1043 411 1122 eadem,
434 1064 463 1126 q.
478 1049 498 1108 t.
515 1043 536 1107 i.
550 1048 571 1108 t.
587 1043 607 1107 f.
650 1043 735 1108 Nam
759 1043 786 1107 si
808 1048 947 1125 „certum
969 1041 1035 1106 est“
1057 1060 1128 1105 cum
1150 1039 1314 1106 infinitivo
1348 1061 1432 1106 con-

289 1144 437 1225 struitur,
474 1142 639 1208 rarissime
676 1142 763 1227 apud
802 1143 950 1207 Plautum
989 1141 1118 1225 quidem
1155 1147 1187 1208 et
1224 1134 1430 1234 Terentium

287 1265 460 1330 pronomen
483 1245 599 1329 „mihi“
621 1245 759 1312 additur.
803 1244 899 1328 „mihi
922 1245 1090 1310 certumst‘
1117 1249 1245 1327 praeter
1266 1249 1428 1310 nostrum

286 1367 413 1413 versum
450 1349 549 1414 semel
580 1367 631 1413 me
662 1347 768 1431 legere
799 1348 942 1412 memini:
973 1346 1089 1414 Pseud.
1109 1349 1201 1424 :2393
1241 1352 1431 1431 „certumst

287 1449 381 1514 mihi“
411 1457 473 1514 ter:
513 1448 684 1515 Pseudtib
714 1457 746 1513 et
776 1449 808 1513 in
838 1449 953 1513 finibus
989 1468 1138 1514 versuum
1170 1448 1262 1533 Capi.
1279 1451 1348 1513 772
1392 1454 1429 1514 ct

287 1553 361 1619 Cas.
375 1554 400 1635 I,
418 1557 444 1630 1,
459 1554 488 1617 3.
539 1551 645 1616 Dubia
683 1559 733 1617 est
770 1552 864 1617 lectio
895 1553 993 1618 Poen.
1009 1555 1099 1617 1420.
1151 1551 1309 1618 Omnibus
1344 1551 1429 1616 aliis

285 1652 364 1717 locis
391 1689 431 1700 -
459 1672 591 1717 numero
622 1652 688 1716 fere
718 1652 890 1735 sexaginta
917 1689 957 1700 -
984 1652 1101 1736 legitur
1127 1657 1315 1735 ,‚cortumst“
1349 1653 1427 1718 sine

285 1753 408 1838 „mihi“.

666 2095 809 2160 CAPUT
833 2094 1036 2160 TERTIUM.

827 2281 864 2346 A.

370 2401 412 2468 00
435 2400 608 2483 pronomine
631 2401 754 2468 relativo
777 2399 808 2466 et
830 2399 1090 2468 coniunctionibus
1112 2400 1175 2480 „ub
1198 2402 1311 2482 atqus‘·'

537 2535 605 2587 euro
630 2517 805 2603 pronomine
828 2520 947 2600 „idem“
970 2520 1152 2588 coniunctis.

368 2672 566 2756 Saepissime
595 2672 757 2738 invenitur
779 2672 890 2755 „idem
920 2672 1003 2754 qui“,
1033 2673 1173 2755 „eadem
1203 2675 1306 2756 quad*
1336 2681 1413 2740 cett

284 2781 319 2837 ur
341 2773 454 2858 Amph.
471 2778 520 2840 τι.
543 2778 614 2839 447.
637 2777 707 2838 614.
731 2781 802 2841 eeu.

367 2877 454 2943 Trin.
471 2881 510 2940 54
534 2876 624 2942 codd.
647 2876 810 2943 exhibent:
841 2875 996 2942 Omnibus
1026 2878 1146 2957 amicis,
1178 2878 1263 2960 quod
1287 2879 1413 2963 mihist,

281 2979 374 3064 cupio
393 2999 468 3046 esse
490 2980 585 3046 idem.
607 3016 649 3028 -
673 2979 805 3045 Botbius
828 2979 1012 3045 emendavit
1039 2981 1160 3063 ,‚itcm“.
1205 2981 1414 3065 Ritschelius,

281 3100 477 3163 quamquam
506 3082 540 3146 in
570 3081 635 3147 ind.
658 3081 756 3147 scbol.
780 3080 842 3146 bib.
886 3081 986 3146 Boun.
1012 3083 1149 3162 1841142
1183 3083 1269 3166 p.X
1299 3091 1412 3150 annot.
1542 3078 1544 3143 ξ

281 3183 363 3248 banc
385 3184 600 3249 coniecturam
616 3183 862 3269 improbaverat,
886 3188 994 3248 tamen
1017 3189 1131 3267 postea
1146 3183 1272 3269 (opusc.
1286 3186 1330 3269 11,
1346 3189 1411 3250 418

281 3281 402 3369 annot.)
418 3305 490 3350 sam
507 3285 635 3372 recepit,
651 3305 722 3350 cum
738 3286 878 3370 negabat
893 3305 1066 3369 pronomen
1079 3286 1200 3369 „idem“
1212 3286 1259 3351 sic
1274 3288 1407 3369 quidem

281 3386 469 3454 collocatum
500 3387 575 3453 ferri
609 3407 713 3474 posse.
766 3387 973 3454 Ritscbelium
1014 3387 1115 3454 secuti
1153 3393 1227 3452 sunt
1266 3389 1408 3456 editores

279 3498 407 3575 praeter
429 3489 584 3576 Brixium,
606 3491 660 3572 qui
683 3509 858 3575 pronomen
881 3490 1003 3574 „idem“
1025 3492 1140 3556 retinet
1167 3497 1211 3556 et,
1226 3492 1268 3557 ad
1292 3491 1405 3558 defed-

280 3592 421 3658 dendam
452 3592 595 3660 codicum
626 3592 795 3658 lectionem
825 3594 857 3658 in
886 3592 1025 3677 append.
1048 3593 1093 3658 ad
1122 3593 1151 3658 b.
1173 3613 1202 3661 v.
1231 3593 1406 3678 adscripsit

279 3694 370 3759 Most.
386 3696 460 3758 296:
490 3693 576 3776 quod
605 3693 662 3760 tibi
694 3694 791 3775 lubet,
820 3694 905 3760 idem
936 3693 1014 3760 mihi
1045 3694 1140 3761 lubet
1162 3731 1205 3742 -
1227 3696 1292 3762 Sed
1325 3697 1404 3762 illud

279 3795 408 3878 quidem
431 3795 511 3860 satis
534 3801 643 3859 notum
666 3803 723 3878 est,
753 3796 873 3879 „idem“
896 3815 1070 3880 pronomen
1100 3817 1164 3862 non
1193 3797 1297 3862 minus
1320 3804 1404 3864 recte

279 3904 352 3982 post
367 3898 536 3963 relativam
554 3899 743 3964 sententiam
761 3919 858 3983 quam
876 3905 952 3965 ante
967 3918 1039 3964 eam
1055 3901 1141 3984 poni.
1184 3901 1299 3982 Itaque
1314 3899 1402 3966 aliud

279 4000 434 4082 quiddam
473 3995 680 4066 Bitschelium
723 4001 895 4068 offendisse
932 4001 1067 4068 videtur.
1125 4002 1188 4068 Sed
1234 4002 1403 4070 videamus

276 4101 435 4185 exempla,
458 4099 512 4167 ubi
535 4091 712 4185 pronomen
734 4101 905 4168 relativum
928 4103 1148 4187 anteponitur:

173 4193 178 4202 ’
362 4201 479 4287 Ampb
498 4206 560 4266 532
583 4203 668 4269 Nam
692 4223 756 4286 qua
779 4210 871 4269 nocte
894 4204 936 4269 ad
958 4224 1010 4270 me
1032 4203 1157 4288 venisti,
1186 4203 1299 4270 eadem
1321 4205 1401 4270 abis.
