3152 4852
261 227 304 287 et

260 411 357 477 quent
389 403 512 452 coruunt
536 374 712 444 Schoellius
742 372 788 435 sie
817 371 909 451 legit:
933 371 1016 434 Nam
1046 370 1108 454 ipsi
1139 371 1249 435 vident
1279 393 1375 454 quom

258 513 370 562 eorum
393 482 593 570 adgredimur
616 478 700 541 bona
721 480 818 556 atque
840 473 938 537 etiarn
961 473 1042 537 uitro
1065 473 1129 556 ipsi
1151 473 1310 556 adgerunt
1332 475 1393 540 ad*
1437 557 1440 562 Ι

259 617 327 662 nos.
357 587 485 655 —Sed
518 599 627 649 versus
660 576 726 642 elia
758 593 884 658 quoque
917 575 1017 640 multa
1049 574 1159 653 habet,
1192 575 1225 639 in
1259 577 1377 659 quibus

260 696 414 763 offendas.

346 797 478 862 Formas
512 789 683 872 „ipsorum‚
713 781 873 865 ipsarum“
903 778 954 844 hic
983 801 1047 845 non
1078 781 1265 846 scribendas
1296 801 1378 865 esse,

260 901 344 966 idem
376 899 441 963 Leo
469 896 552 958 recte
582 886 740 952 admouet.
790 881 905 963 Neque
935 883 1020 946 enirn
1051 883 1141 966 prius
1170 883 1378 948 inveniuntur

259 1000 399 1086 genetivi
421 998 589 1081 ,‚ipsorum,
612 989 781 1071 ipsarum
809 1003 906 1066 quarn
933 984 968 1047 in
990 984 1170 1050 Rhetoricis
1191 985 1235 1048 ad
1257 987 1376 1051 Heren-

260 1105 358 1169 nium.
401 1097 491 1177 Quod
513 1092 642 1158 minime
665 1108 740 1153 casu
763 1087 884 1152 sactum
901 1106 973 1152 esse
988 1093 1100 1170 potest
1123 1107 1197 1152 nam
1213 1094 1247 1152 ct
1261 1088 1376 1153 Plauto

260 1215 292 1272 et
316 1201 463 1270 Terentio
486 1195 614 1278 saepius
637 1189 761 1256 occasio
784 1190 988 1272 offerebatur,
1014 1196 1048 1254 ut
1069 1190 1217 1273 genetivo
1240 1191 1377 1274 pluralis

261 1312 432 1388 uterentur3
455 1300 508 1366 sed
532 1293 708 1382 putandum
731 1300 792 1374 est,
822 1292 879 1357 has
906 1292 1027 1357 formas
1050 1293 1157 1357 Plauti
1179 1300 1212 1358 et
1234 1295 1376 1359 Terentii

259 1415 367 1475 aetate
389 1403 526 1470 nondum
549 1398 698 1481 vulgatas
720 1394 828 1462 fuisse.

345 1510 409 1574 Leo
431 1501 578 1570 Terentio
606 1518 732 1582 quoque
754 1497 890 1562 sormam
914 1500 1120 1582 ‚,earumpse“
1142 1497 1295 1565 vindicat.
1338 1502 1377 1565 In

259 1607 517 1695 desperatissimo
538 1603 623 1669 enim
639 1621 735 1666 versu
751 1601 825 1665 Hec.
845 1603 902 1663 163
926 1600 994 1682 „Ad
1010 1601 1190 1685 exemplum
1208 1602 1376 1667 ambarum

260 1732 364 1780 mores
392 1729 500 1776 earum
534 1705 739 1771 existimens“
769 1702 891 1766 scribit:
922 1721 1092 1786 earumpse
1122 1703 1306 1771 aestimans,
1335 1744 1377 1752 -

260 1815 324 1882 Sed
353 1820 386 1879 ut
414 1811 491 1876 mihi
525 1827 712 1893 persuasum
741 1813 802 1888 eet,
837 1805 1021 1870 Terentium
1051 1805 1171 1871 formas
1201 1810 1375 1892 ,‚eumpse“,

259 1915 422 2002 „eampse‘
437 1919 507 1978 cett.
530 1931 592 1976 nou
616 1909 831 1992 usurpavisse,
853 1908 899 1971 sic
922 1907 1005 1972 banc
1026 1928 1154 1991 quoque
1176 1909 1311 1974 formam
1335 1911 1377 1975 ab

259 2017 421 2102 elegantia
444 2012 600 2080 sermonis
622 2009 809 2076 Terentiaui
831 2009 1003 2075 abhorrere
1030 2017 1116 2094 puto.
1160 2011 1248 2076 Sane
1270 2033 1378 2078 conce·

259 2121 394 2187 dandum
419 2123 480 2198 est,
510 2115 565 2180 vix
588 2133 665 2178 casu
687 2112 767 2190 fieri,
796 2119 831 2176 ut
858 2113 1027 2196 genetivus
1049 2113 1130 2196 plur.
1151 2112 1245 2178 huius
1266 2133 1378 2198 prono

259 2223 353 2288 urinis
376 2221 409 2286 in
431 2217 549 2284 fabulis
571 2216 657 2281 illius
672 2236 736 2280 non
751 2216 944 2286 inueniatur.
988 2216 1052 2282 Sed
1068 2217 1194 2282 videtur
1209 2219 1378 2284 Terentius

260 2333 428 2406 utramque
450 2321 586 2386 sormam
610 2317 754 2383 consulto
770 2319 924 2384 evitasse:
947 2320 1050 2384 altera
1065 2319 1150 2384 enim
1174 2322 1378 2406 „earumpse“

259 2427 429 2492 obsoletior
450 2441 521 2489 esse
543 2421 573 2486 ei
600 2420 777 2502 videbatur,
804 2421 909 2487 attera
940 2427 1049 2486 autem
1077 2423 1262 2507 „ipsarum“,
1292 2444 1377 2505 quae

260 2549 332 2594 mea
364 2526 492 2610 quidem
526 2522 685 2588 sententia
716 2525 857 2588 Terentii
890 2525 1086 2608 temporibus
1118 2526 1183 2590 iam
1218 2525 1378 2609 exstabat,
1411 2607 1414 2615 Ι

259 2630 398 2696 noudum
423 2627 503 2692 satis
525 2625 753 2690 consuetudine
776 2625 920 2690 stabilita
943 2633 1022 2706 erat,
1045 2627 1091 2691 ita
1108 2634 1141 2692 ut
1156 2649 1219 2692 non
1234 2627 1376 2710 auderet

259 2753 330 2798 eam
361 2731 393 2795 in
425 2727 597 2796 comoediis
631 2725 794 2794 adhibere.
848 2729 961 2794 Facile
995 2729 1078 2796 hane
1110 2730 1247 2795 sormam
1282 2731 1378 2796 vitari

259 2817 523 2920 possesapparet
544 2850 584 2896 ex
607 2830 755 2913 exemplo
777 2829 913 2915 Adelph.
931 2832 1003 2911 820,
1027 2831 1081 2898 ubi
1103 2832 1171 2898 cod.
1193 2836 1220 2899 Α
1243 2833 1378 2918 praebet

259 2936 465 3019 „amborum“‚
488 2932 585 3000 ceteri
609 2932 700 2998 codd.
722 2934 906 3018 „ipsorum“.

582 3222 624 3288 ile
646 3221 746 3289 datico
769 3121 955 3291 ethebtat'iuo
979 3227 1053 3307 ntur.

343 3361 475 3424 Praeter
504 3358 639 3423 formam
666 3359 790 3443 ,‚ipsis“,
820 3379 903 3443 quae
933 3361 1003 3426 sola
1033 3363 1066 3425 in
1096 3361 1185 3426 codd.
1212 3363 1378 3445 iuvenitur,

260 3460 440 3527 testimonio
468 3461 677 3526 Grammatiei
706 3461 776 3546 (Gr.
796 3463 853 3527 lat.
874 3463 928 3546 IV,
950 3467 1019 3544 547,
1040 3466 1079 3526 37
1104 3463 1140 3528 of.
1163 3463 1377 3550 tV,5to,11)

258 3566 360 3629 forma
383 3562 541 3646 „ipsibus“
564 3563 766 3628 confirmatur
794 3572 840 3649 et,
861 3570 896 3629 ut
923 3565 1057 3646 videtur,
1085 3566 1199 3630 Plauto
1222 3567 1379 3632 tribuitur.

259 3666 371 3746 Neque
394 3671 503 3729 tamen
523 3664 686 3749 habemus,
709 3687 764 3731 cur
779 3659 913 3730 formant
932 3665 1048 3750 „ipsis“
1067 3666 1100 3730 in
1116 3666 1207 3734 codd.
1225 3669 1376 3753 scriptam

259 3770 424 3832 mutemus

342 3953 463 4037 Restat,
495 3961 528 4018 ut
559 3955 670 4039 paucis
702 3955 860 4020 disseram
884 3954 924 4020 de
947 3955 1057 4022 formis
1083 3976 1206 4042 „epse
1238 3975 1375 4043 reapse,

257 4071 413 4139 tempse,
444 4057 631 4141 sirempse,
659 4074 840 4142 eampsuS,
867 4075 985 4145 sapsa,
1016 4077 1173 4149 sumpse,
1201 4059 1376 4150 ipsipsuS,

256 4158 422 4244 ipsemet,
444 4159 687 4246 ipsissimns“.
