3152 4852
294 295 335 356 32

295 463 355 527 Hic
377 469 462 528 certo
484 462 615 528 insolita
638 462 806 528 collocatio
828 467 1001 548 propterea
1023 461 1209 546 praefertur,
1236 469 1271 526 ut
1293 468 1416 528 coutra-

292 565 389 648 rium,
417 565 505 648 quod
533 571 582 630 est
608 565 691 630 iuter
714 565 857 650 ,ipsum“
888 571 920 631 et
950 564 1090 648 ,illum“,
1112 564 1217 648 magis
1239 571 1415 648 prematur.

293 665 425 731 Accedit
457 665 542 748 quod
568 666 791 750 pronominum
818 666 926 750 ,ipsus
949 666 1023 748 sibi,
1046 666 1135 750 ipsus
1157 671 1210 733 se‘
1236 665 1416 746 collocatio,

291 788 376 852 qnae
398 769 590 853 saepissime
611 767 780 848 invonitur,
803 769 937 833 multum
960 769 1112 834 valetud
1135 768 1226 834 illam
1255 771 1415 852 pronomi-

291 891 368 936 num
391 871 586 955 positiouem
610 869 819 936 efficiendam.

377 973 494 1040 Pseud.
508 977 571 1038 220
594 973 687 1040 codd.
708 973 875 1040 exhibent:
898 980 955 1040 aut
975 995 1051 1040 num
1073 975 1144 1060 ipse
1166 993 1227 1058 ego
1249 975 1415 1059 pulmento
1544 1049 1545 1070 ,

294 1087 364 1144 utor
385 1077 493 1161 magis
516 1076 736 1142 unctiusculo?
757 1113 800 1124 -
822 1077 887 1142 Sed
902 1096 974 1142 cum
990 1083 1022 1142 et
1036 1076 1088 1142 hic
1102 1082 1135 1142 et
1149 1077 1287 1161 proximi
1302 1096 1415 1144 versus

292 1180 379 1246 alias
399 1196 528 1263 quoque
551 1180 729 1264 permultas
751 1179 944 1245 offensiones
966 1179 1158 1264 praebeant,
1178 1179 1328 1262 equidem
1350 1201 1414 1246 nou

291 1283 411 1364 dubito,
434 1282 511 1364 quin
533 1281 702 1346 collocatio
728 1284 817 1365 ,ipse
838 1287 916 1364 ego“
941 1283 1143 1366 corruptelae
1164 1282 1329 1348 debeatur.

376 1385 453 1449 Post
483 1385 584 1450 Stichi
615 1403 741 1450 versum
763 1386 824 1447 207
856 1384 889 1448 iu
919 1384 1010 1449 codd.
1033 1384 1114 1450 Pall.
1142 1385 1315 1450 invonitur:
1337 1386 1414 1469 Ipse

292 1493 419 1572 egomet
456 1487 663 1569 quamobrem
702 1487 881 1552 auctionem
919 1486 1110 1570 praedicem.
1139 1523 1181 1533 —-
1211 1485 1273 1565 Qui
1302 1506 1414 1554 versus

291 1596 375 1656 recte
404 1589 541 1654 omissus
569 1589 603 1653 iu
625 1588 736 1654 eod.A
760 1595 792 1654 et
814 1588 890 1654 olim
913 1607 934 1653 a
956 1589 1083 1672 Guyeto
1114 1595 1149 1654 ut
1177 1589 1337 1654 insiticius
1358 1610 1414 1654 uo·

290 1698 377 1757 tatus
399 1696 457 1756 est.

376 1794 426 1860 De
447 1793 563 1859 Pseud.
587 1813 615 1858 v.
631 1794 708 1858 978:
738 1793 813 1877 lpse
842 1812 903 1875 ego
925 1794 1059 1877 issum,
1090 1794 1295 1877 adulescens,
1316 1813 1413 1877 quem

289 1904 324 1962 tu
345 1896 477 1980 quaeris
498 1896 537 1961 cf.
559 1916 589 1980 p.
605 1899 655 1962 34.

374 2000 410 2065 Si
432 1999 506 2082 quis
526 2004 618 2084 putat
640 1999 884 2064 collocationem
903 2001 992 2084 ,ipse
1006 2006 1085 2084 ego“
1103 2001 1137 2066 in
1153 2000 1268 2066 Pseud.
1283 2018 1334 2064 vv.
1351 2001 1411 2062 220

288 2109 321 2168 et
343 2103 405 2167 978
428 2121 490 2166 non
513 2121 585 2166 esse
606 2100 812 2184 mutandam,
838 2109 948 2168 tamen
975 2101 1036 2169 boc
1065 2110 1150 2168 certe
1178 2107 1332 2187 apparet,
1362 2121 1412 2166 ca·

289 2204 426 2270 vendum
450 2223 530 2286 esse,
556 2223 596 2268 ne
619 2204 803 2269 coniectura
824 2203 905 2269 baec
926 2204 1057 2270 insolita
1078 2205 1301 2290 pronominum
1317 2204 1412 2269 eollo·

288 2306 371 2372 catio
393 2306 509 2371 Plauto
537 2305 706 2372 tribuatur.
756 2308 859 2384 Quam
886 2307 990 2390 legem
1014 2308 1101 2373 haud
1124 2309 1171 2373 ita
1192 2327 1267 2372 raro
1289 2329 1310 2372 a
1333 2307 1411 2371 viris

288 2411 390 2477 doctis
419 2410 576 2475 violatam
607 2429 678 2475 esse
705 2418 843 2494 apparet
872 2431 912 2476 ex
942 2412 1004 2490 eis,
1038 2431 1124 2495 quae
1153 2429 1252 2496 supra
1280 2411 1324 2475 ad
1352 2409 1410 2475 bos

288 2533 399 2579 versus
427 2513 598 2578 annotavi:
627 2513 717 2579 Asin.
737 2517 798 2576 714
829 2513 873 2597 (v.
895 2535 926 2597 p.
946 2514 990 2598 8),
1026 2513 1141 2580 Bacch.
1161 2517 1223 2578 565
1251 2514 1295 2598 (v.
1316 2535 1347 2599 p.
1368 2513 1411 2598 8),

291 2618 371 2679 1160
399 2613 441 2700 (v.
468 2635 499 2699 p.
519 2615 566 2698 6),
599 2615 665 2681 Μ11.
690 2617 767 2678 1221
797 2614 841 2699 (v.
869 2636 899 2699 p.
922 2619 986 2700 14),
1024 2616 1138 2680 Pseud.
1158 2618 1221 2679 914
1248 2615 1291 2697 (v.
1317 2636 1349 2700 p.
1368 2614 1411 2700 9),

286 2718 379 2784 Truc.
395 2718 457 2782 842
479 2716 523 2801 (v.
544 2737 575 2801 p.
595 2716 655 2800 16).

372 2820 548 2904 Propterea
570 2838 698 2902 quoque
718 2819 911 2884 reiciendum
929 2824 987 2902 est,
1009 2819 1096 2902 quod
1111 2819 1324 2886 Buecheleros
1338 2839 1409 2904 pro-

286 2921 393 3006 posuit
408 2920 520 3004 fragm.
538 2923 610 2985 132:
635 2921 750 3005 Inopia
765 2928 931 2986 servumst.
961 2923 1031 3005 ipse
1053 2942 1112 3005 ego
1128 2941 1179 2988 me
1194 2922 1351 2988 locavero.
1366 2959 1409 2970 -—

285 3024 388 3088 Aliter
421 3022 661 3089 Studemuudus
704 3042 830 3089 versum
866 3025 1018 3108 restituit;
1057 3025 1114 3090 sed
1157 3045 1227 3090 cum
1263 3025 1409 3108 singulae

286 3131 410 3192 tantum
443 3125 739 3192 literae.servatae
772 3125 847 3204 sint,
881 3125 1031 3209 indagari
1066 3127 1189 3209 nequit,
1222 3126 1298 3208 quid
1332 3127 1408 3192 olim

286 3227 437 3312 scriptum
460 3227 563 3293 fuerit.

371 3330 515 3396 Eandem
538 3331 641 3413 legem
664 3336 762 3412 atque
784 3331 917 3396 Plautus
939 3331 1082 3414 sequitur
1104 3330 1282 3414 Terentius,
1303 3331 1352 3398 ita
1373 3336 1407 3396 ut

286 3430 348 3498 hac
370 3451 496 3515 quoqne
519 3453 553 3498 re
575 3431 807 3515 confirmentur,
834 3451 919 3515 quae
945 3452 1043 3517 supra
1066 3433 1236 3516 disputavi.
1281 3434 1407 3498 invoni-

286 3542 380 3600 untur
406 3540 514 3601 autem
544 3533 630 3619 apud
664 3535 852 3600 Terentium
882 3535 963 3600 haec
994 3535 1142 3619 exempla
1153 3533 1190 3620 ¹):
1222 3534 1319 3601 Andr.
1345 3539 1402 3598 151

172 3705 175 3714 ,
286 3642 353 3702 tute
376 3637 455 3721 ipse,
486 3639 546 3732 345
569 3645 601 3703 te
624 3637 728 3722 ipsum
746 3639 875 3719 :533,
898 3639 959 3700 752
982 3642 1049 3702 tute
1071 3636 1151 3720 ipse.
1196 3637 1350 3702 81111743
1374 3644 1406 3703 te

370 3841 392 3906 ²)
408 3839 452 3894 De
470 3839 653 3894 collocatione
676 3841 871 3909 pronominum
894 3840 991 3908 „ipse“
1009 3844 1038 3894 et
1055 3838 1165 3905 ,11111111ι
1182 3855 1245 3896 cum
1262 3840 1325 3894 aliis
1344 3854 1406 3910 pro-

285 3923 445 3980 nominibus
467 3925 678 3982 coniuuctorum
701 3925 778 3995 apud
796 3924 958 3980 'ferentium
979 3925 1031 3978 iam
1055 3924 1086 3980 C.
1104 3925 1224 3980 Reinius
1248 3925 1404 3995 disputavit

282 4013 311 4066 iu
331 4011 411 4066 diss:
430 4010 473 4065 De
491 4011 686 4080 pronominum
704 4011 781 4080 apud
798 4011 861 4066 'len
881 4009 1071 4065 collocatione.
1107 4012 1219 4080 Lipsiae
1240 4016 1311 4065 1879.
1347 4009 1403 4065 Sed

283 4101 316 4151 ut
338 4095 481 4151 materiem
504 4101 591 4151 totam
615 4096 790 4164 praeberem,
813 4095 914 4150 iterum
937 4094 988 4149 has
1012 4100 1106 4165 partes
1129 4097 1226 4165 paucis
1243 4095 1403 4150 tractandas

283 4197 345 4238 esse
364 4181 470 4252 putavi,
489 4181 654 4249 praesertim
672 4198 733 4236 cum
752 4196 807 4235 usu
825 4181 996 4235 Terentiano
1008 4181 1136 4236 Plautina
1153 4180 1329 4236 consuetudo
1348 4187 1402 4236 sta·

283 4268 403 4324 bilietnr.
438 4267 567 4323 Ceterum
592 4268 709 4323 licinius
727 4267 862 4322 nonnulla
879 4267 984 4336 omisit,
1008 4267 1062 4324 alia
1084 4283 1141 4322 uon
1163 4272 1239 4322 recte
1256 4267 1403 4323 intellexit.
