3152 4852
1300 299 1340 362 35

305 463 418 547 ltaque
455 463 538 532 falso
576 465 686 532 scribit
725 466 998 552 Umpfenbachius
1028 468 1125 534 Andr.
1141 470 1216 534 945:
1254 467 1344 535 Heus

219 566 380 650 Chremes,
396 568 482 650 quod
498 570 635 652 quaeris,
651 569 842 636 Pasibulast.
873 571 950 656 lpse
972 577 1050 637 east.
1083 571 1227 636 16631-
1243 570 1345 638 dodo.

216 671 350 754 „lpnast
372 671 478 755 Ecst‘,
509 673 563 754 qui
590 673 697 738 exitus
727 679 813 739 certe
842 674 1027 740 retinendus
1050 679 1121 757 est,
1138 679 1208 737 utut
1237 680 1344 740 cetera

217 772 318 838 verba
341 770 436 838 huius
458 793 570 840 versus
592 776 792 842 restituenda
814 782 895 844 sunt.

303 874 439 960 Adelph.
454 879 515 941 627
546 877 676 962 legitur:
707 879 816 962 Ipsum
848 878 882 943 id
916 885 1022 944 metuo
1051 885 1086 943 ut
1114 877 1260 944 credant:
1299 883 1345 943 tot

177 983 180 990 '
216 984 408 1042 concurrunt
423 980 621 1044 verisimilia.
655 981 723 1063 ,‚id“
739 981 895 1045 omittitur
909 981 942 1044 in
958 981 1026 1046 cod.
1042 980 1079 1060 G,
1096 981 1342 1064 superscriptum

217 1086 267 1144 eut
289 1080 392 1145 altera
416 1101 511 1146 manu
535 1083 568 1145 in
591 1083 659 1146 cod.
682 1084 719 1147 A.
741 1120 784 1129 —
807 1083 939 1149 Reinius
962 1104 991 1167 p.
1007 1085 1047 1146 64
1070 1089 1155 1148 recte
1179 1082 1345 1152 offendens

217 1182 251 1245 in
276 1182 387 1248 ordine
410 1183 634 1266 pronominum
649 1185 770 1269 „ipsum
786 1185 838 1249 id“
861 1186 1011 1251 emendat
1025 1185 1197 1274 „idlmeluo
1213 1186 1344 1269 ipsum“.

217 1283 362 1350 'Facilior
391 1292 498 1350 lamen
529 1292 578 1352 est
608 1287 799 1370 emendatio,
830 1307 927 1370 quam
961 1287 1119 1356 Dziatzko
1149 1288 1269 1372 recepit
1293 1287 1344 1369 „id

220 1386 351 1472 ipsum“,
374 1387 421 1452 ita
445 1395 479 1453 ut
499 1387 588 1473 prior
610 1390 697 1454 vocis
719 1391 859 1474 „ipsnm“
883 1390 1009 1474 syllaba
1032 1389 1228 1474 corripiatur.

303 1489 506 1555 Phorm.227
538 1493 565 1555 A
597 1497 628 1556 et
658 1492 817 1558 Donatus:
850 1493 988 1558 Memini.
1037 1493 1095 1559 Em
1126 1511 1210 1558 nuno
1240 1492 1343 1576 ipsust

217 1611 299 1676 opus
314 1611 354 1658 ea
369 1599 426 1657 aut
441 1593 546 1675 siquid
561 1598 666 1678 potest
676 1599 752 1661 cett.
795 1596 833 1662 Iu
855 1594 968 1661 ceteris
983 1594 1073 1660 codd.
1088 1595 1244 1660 omittitur
1258 1595 1344 1679 „ea“.

218 1693 352 1760 Rcinius
367 1695 530 1778 proponit:
553 1695 692 1762 Memini.
726 1697 796 1762 Em
812 1716 852 1762 ea
874 1716 959 1761 nunc
973 1696 1077 1780 ipsast
1092 1717 1172 1780 opus
1188 1703 1244 1762 aut
1260 1703 1345 1780 cett,

219 1816 289 1862 cum
313 1803 399 1862 recte
423 1795 582 1878 admonet,
605 1797 796 1882 saepissime
819 1797 1009 1882 particulam
1032 1800 1118 1880 „cm“
1134 1804 1210 1864 ante
1232 1819 1344 1883 prono-

220 1900 307 1964 mina
331 1897 584 1968 demonstrativc
613 1899 667 1983 „is,
693 1900 762 1980 iste,
785 1902 872 1964 oett.“
894 1899 1038 1967 inveniri.
1083 1899 1147 1964 Sed
1175 1918 1245 1964 eum
1277 1919 1345 1983 per-

212 2001 318 2084 'sucpe
346 1999 444 2066 etiam
473 2020 541 2084 „em
564 1987 665 2066 nuuc“
687 2001 868 2066 inveniatur
895 2001 933 2068 cf.
948 2000 1063 2085 Am'ph.
1079 2003 1150 2066 307.
1195 1999 1270 2066 Cas.
1288 2001 1345 2084 Ill,

226 2107 250 2184 l,
273 2106 319 2168 11.
372 2104 465 2168 Mero.
489 2105 561 2166 909.
612 2103 705 2188 Epid.
727 2105 872 2184 776171·
916 2104 1011 2168 Poen.
1034 2105 1125 2169 tuo..
1165 2103 1252 2171 Trio.
1275 2105 1345 2169 536.

219 2205 316 2271 Andr.
328 2207 400 2290 683,
427 2225 490 2270 non
518 2205 592 2271 licet
618 2205 801 2272 coniectura
829 2205 913 2273 hunc
940 2206 1182 2272 collocationem
1207 2207 1346 2274 maxime

219 2307 372 2373 usitatam
388 2306 508 2374 tollere.
525 2344 567 2354 -
582 2307 828 2392 Simpliciorime
844 2305 1002 2378 Dnietzko
1018 2307 1237 2376 difficultatem
1254 2310 1346 2390 tollit,

222 2429 295 2476 cum
324 2417 481 2478 commate
512 2417 585 2496 post
615 2413 732 2494 „opus“
762 2411 867 2495 posito
889 2411 1012 2476 scribit:
1043 2411 1103 2476 Em
1134 2432 1218 2476 nunc
1244 2413 1348 2496 ipsast

201 2532 310 2597 opus,
331 2532 371 2580 ea
393 2519 460 2596 aut,
478 2513 590 2606 siquid
613 2519 728 2597 potest,
749 2513 879 2580 meliore
902 2519 934 2579 et
956 2514 1130 2581 callidiore.

768 2701 803 2766 O.

307 2817 341 2882 Si
358 2818 546 2901 pronomina
561 2811 648 2908 „bicl‘
671 2823 703 2883 et
718 2818 823 2902 „ipse“
837 2819 920 2886 inter
943 2838 977 2884 se
993 2820 1234 2902 coniunguntur,
1255 2825 1344 2884 certa

221 2919 274 2986 lex
297 2939 360 2984 non
383 2920 479 2988 valet.

306 3022 400 3106 Apud
430 3022 580 3086 Plautum
619 3023 822 3088 inveniuntur
858 3022 940 3088 haec
977 3021 1140 3106 exempla:
1174 3020 1265 3106 Capi.
1282 3024 1343 3085 279

222 3125 313 3208 ipsus
335 3124 395 3191 hic.
439 3125 513 3190 (las.
525 3126 566 3207 ΙΙ,
581 3128 609 3209 8,
625 3130 665 3190 34
688 3125 740 3190 hic
755 3127 852 3209 ipsus.
896 3125 990 3209 Epid.
1006 3127 1064 3188 193
1080 3124 1142 3208 ipsi
1159 3123 1190 3188 hi
1208 3125 1345 3208 quidem.

220 3228 334 3293 Bacch.
361 3229 441 3292 laub
472 3227 536 3312 ipsi
564 3226 605 3292 hi.
657 3229 721 3294 Mil.
748 3231 826 3293 1081
859 3227 911 3294 hic
940 3229 1018 3313 ipse.
1067 3227 1148 3292 unu.
1172 3232 1231 3292 777
1262 3227 1346 3292 hunc

222 3349 350 3414 quoque
372 3331 511 3403 adserva
533 3331 647 3416 ipsum.
1146 3397 1147 3402 ,

307 3432 421 3499 Pseud.
438 3435 499 3519 766
523 3433 626 3500 codd:
650 3434 719 3500 lam
742 3453 802 3516 ogo
831 3433 891 3500 hoc
918 3434 1022 3519 ipsum
1051 3433 1203 3516 oppidum
1227 3450 1346 3516 expug-
1466 3503 1468 3508 ,

222 3529 333 3602 natum
366 3536 441 3602 faxo
472 3537 532 3601 erit
561 3537 733 3604 lenonium.
754 3575 797 3584 -
820 3538 864 3604 Ut
893 3536 1017 3602 numeri
1040 3537 1205 3602 suaviores
1226 3536 1345 3614 fierent,

221 3637 368 3724 Guyetus
390 3639 532 3723 scripsit:
554 3639 619 3704 iam
642 3638 703 3705 hoc
717 3623 831 3724 ipsum,
854 3639 1003 3704 Bolbius:
1026 3638 1092 3704 iam
1114 3657 1174 3722 ego
1190 3639 1249 3702 hoc
1264 3659 1346 3723 opp,

217 3740 428 3812 Ritschelius:
451 3741 517 3808 iam
539 3759 598 3824 ego
618 3743 734 3826 ipsum.

306 3842 405 3928 Apud
427 3843 610 3910 Terentium
643 3844 724 3910 haec
750 3842 955 3909 inveniuntur
981 3841 1146 3925 exempla:
1169 3841 1266 3906 Andr.
1283 3843 1344 3906 495

223 3946 274 4012 hic
304 3951 339 4012 se
368 3945 457 4030 ipsus
486 3944 572 4029 (cum
596 3947 731 4030 Donato,
761 3944 851 4012 codd.
874 3945 982 4011 Boni)
1012 3945 1130 4010 habent
1159 3945 1265 4029 „ipsus
1295 3946 1346 4010 se“

222 4048 409 4133 pronomine
439 4048 526 4131 „bio“
549 4049 691 4134 omisso).
734 4051 815 4116 Eun.
831 4053 892 4114 770
915 4048 988 4114 huic
1009 4047 1079 4131 ipsi.
1124 4047 1248 4114 Phorm.
1266 4051 1342 4110 1011

223 4171 293 4220 cum
316 4151 377 4216 lroc
398 4151 478 4236 ipso.
521 4149 656 4235 Adelph.
673 4154 712 4216 78
735 4151 786 4216 lric
808 4152 906 4236 ipsus.

308 4253 404 4318 Andr.
421 4254 482 4316 312
504 4252 631 4336 legitur:
653 4254 763 4338 ipsum
794 4254 877 4320 hunc
907 4253 1014 4336 orabo,
1044 4252 1119 4318 huic
1148 4252 1344 4337 supplicabo,

1101 4371 1140 4426 Βί-
