3152 4852
1277 249 1438 350 25v

280 460 430 526 Formam
466 466 581 543 „apse“
620 481 677 544 pro
714 465 860 543 „eapse“‚
895 478 991 541 quam
1026 459 1215 526 Consentius
1249 457 1318 542 (Gr.

192 563 248 628 lat.
269 563 305 642 V,
326 563 402 646 396)
432 567 675 644 commemorat,
703 561 898 626 Ribheokins
932 561 1028 646 (trag.
1058 562 1146 627 Rom.
1176 560 1317 642 fragmen

194 664 302 730 eoroll.
330 655 360 748 p.
380 665 436 748 39)
465 663 581 728 Plauto
612 662 777 729 vindicare
807 664 921 730 studet.
972 661 1064 740 Quod
1095 663 1144 726 vir
1173 661 1317 726 doetissi-

193 787 265 832 mus
288 771 391 850 putat,
413 765 594 832 confirmari
617 766 700 830 hano
722 765 859 831 formam
880 766 1017 832 leotione
1043 765 1103 844 ,56
1126 769 1192 845 551,
1218 785 1316 847 quam

103 878 106 884 '
193 888 292 952 saepe
314 869 513 952 invenimus,
542 887 616 935 mea
646 868 774 951 quidem
804 869 964 934 sententia
994 887 1064 932 oum
1095 868 1128 932 iu
1155 866 1228 932 aliis
1250 887 1318 932 ver·

193 971 282 1036 sihus
304 970 412 1055 (True.
433 974 483 1037 24.
503 971 590 1055 496),
617 977 683 1036 tum
713 969 793 1036 Rud.
815 973 886 1054 478,
909 970 963 1035 566
986 970 1095 1036 556655
1118 972 1144 1034 Β
1170 975 1317 1054 „eapse“‚

192 1073 302 1138 556655
333 1074 357 1139 O
390 1073 450 1152 „ab
480 1079 532 1140 se“
566 1072 741 1155 exhibetur,
776 1072 904 1137 traditis
938 1072 1040 1138 literis
1071 1072 1317 1154 demonstratur,

192 1177 361 1250 lectionem
388 1175 522 1256 ,56551
548 1195 635 1242 mero
658 1176 860 1241 librariorum
889 1175 987 1240 errori
1010 1175 1213 1241 tribuendam
1237 1194 1317 1240 esse.

192 1315 234 1326 -
257 1278 337 1346 Cum
361 1298 424 1344 vox
450 1285 565 1365 „apse“
591 1285 721 1363 praeter
743 1299 868 1345 omnem
892 1278 1076 1362 analogiam
1105 1277 1244 1344 formata
1266 1279 1316 1362 sit,

191 1403 255 1447 non
278 1381 398 1464 dubito,
421 1383 498 1466 quin
520 1384 587 1448 Leo
611 1401 683 1448 eam
707 1389 792 1448 reete
814 1381 965 1447 reieeerit

282 1490 431 1570 „reapse“
458 1487 558 1552 semel
581 1485 816 1551 verisimillima
840 1485 1022 1550 oonieotura
1043 1484 1219 1550 Camerarii
1244 1484 1316 1548 sori·

193 1588 276 1654 bitur
299 1589 393 1656 6555.
414 1591 488 1670 815,
517 1608 613 1671 quem
641 1608 768 1654 versum
793 1587 975 1654 *Sohoellius
1003 1587 1054 1676 sie¹
1075 1587 1196 1652 sorihit:
1224 1585 1314 1651 Idem

192 1692 273 1758 65155
295 1691 383 1775 ipsa,
406 1691 466 1756 etsi
489 1698 524 1756 tu
545 1697 669 1774 taeeas,
699 1711 815 1776 reapse
845 1698 980 1776 experta
1010 1690 1171 1773 intellego.
1214 1688 1315 1754 Oodd.

197 1813 249 1873 „re
271 1794 342 1860 abl.
365 1831 407 1841 —-
429 1794 601 1860 Muellerus
624 1797 674 1860 Pr.
695 1795 741 1860 Pl.
764 1815 795 1878 p.
814 1798 874 1857 277
900 1794 982 1859 6555
1005 1795 1141 1858 sormam
1164 1813 1221 1876 pro
1252 1798 1314 1856 tra·
1344 1856 1346 1861 .

196 1897 265 1961 dita
278 1897 412 1964 leotione
430 1916 483 1976 „re
498 1899 591 1982 ipsa“
610 1897 720 1962 sorihit
735 1898 832 1963 etiam
850 1900 936 1962 Trin.
951 1901 1031 1960 1654
1048 1903 1080 1961 51
1095 1894 1229 1978 Adelph.
1243 1898 1314 1976 955,
1391 1895 1394 1902 ’

193 1998 250 2063 566
272 2004 385 2080 tamen
399 2001 574 2066 mutatione
590 2021 653 2066 non
669 2020 750 2085 opus
765 2006 823 2066 est.
845 2037 886 2048 -
909 1999 965 2064 Bis
979 1999 1140 2064 invenitur
1159 2002 1310 2081 „reapse“

123 2106 127 2114 '
196 2101 282 2185 apud
312 2102 501 2169 Paouvium:
531 2106 571 2168 26
600 2110 631 2168 51
660 2106 735 2187 374,
765 2102 897 2186 saepius
926 2101 1015 2186 apud
1046 2101 1246 2184 Ciceronem3
1276 2099 1315 2166 56.

193 2204 313 2270 Neuius
336 2205 561 2271 Formenlehre
585 2227 615 2290 p.
634 2207 702 2271 197.
1146 2283 1149 2290 .

277 2309 370 2374 True.
394 2311 455 2372 864
481 2309 515 2373 65
543 2307 612 2374 556.
636 2309 661 2372 Β
690 2309 843 2392 seriptum
873 2314 936 2373 est:
967 2308 1007 2372 Di
1038 2307 1250 2389 immortales,
1281 2313 1315 2371 51

190 2410 420 2493 planiloquast,
434 2412 599 2495 pauois'ut
615 2414 710 2496 56556
726 2411 850 2493 5116561,
866 2411 962 2476 551556
977 2410 1067 2475 5566.
1082 2428 1167 2489 „rem
1179 2409 1315 2494 ipsam“.

190 2512 322 2577 Minime
351 2511 430 2578 mihi
460 2513 613 2597 probatur
646 2518 856 2597 „rempsam“‚
880 2532 977 2597 quarn
1006 2513 1139 2578 formam
1171 2513 1314 2578 Koohius

191 2613 284 2697 (Nor.
299 2636 373 2680 ann.
389 2619 457 2697 105,
473 2637 503 2700 p.
516 2616 591 2700 832)
607 2603 756 2682 defendit
772 2655 814 2664 -
829 2616 971 2700 Buggius
987 2615 1113 2701 (Philol.
1126 2619 1175 2698 31,
1187 2637 1216 2700 p.
1230 2616 1314 2699 261),

190 2737 285 2799 quern
316 2717 496 2784 Sohoellius
528 2718 685 2804 sequitur,
716 2720 865 2804 proponit
894 2718 1060 2784 lectionem
1094 2723 1256 2803 „rempse“
1282 2726 1314 2784 et

190 2838 263 2884 eam
287 2825 455 2905 comparat
478 2840 548 2885 oum
575 2821 777 2907 „sirempse“.
827 2821 890 2888 Sed
919 2821 1053 2886 multum
1077 2821 1208 2887 interest
1231 2821 1314 2887 inter
1442 2863 1452 2878 .-

190 2920 250 2987 655
277 2921 360 2986 6555
389 2922 518 2988 formas.
574 2923 763 3008 „sirempse“
801 2923 887 2990 enim
917 2923 969 2988 vel
997 2924 1104 3008 potius
1138 2924 1309 3008 „siremps“

190 3024 331 3089 maxime
353 3025 506 3090 usitatum
530 3031 599 3092 erat
621 3026 654 3090 in
674 3025 819 3092 formulis
834 3026 919 3106 iuris,
942 3025 996 3091 uhi
1012 3026 1203 3111 saepissime
1218 3046 1313 3092 voees

53 3130 61 3142 '
191 3126 342 3209 antiquas
364 3133 511 3194 servatas
539 3147 611 3194 esse
635 3134 770 3196 constat
815 3129 936 3194 Contra
958 3129 1061 3193 forma
1088 3135 1261 3214 „rempse“,
1284 3131 1311 3194 si

190 3249 331 3312 unquam
355 3229 494 3309 exstitit,
521 3236 605 3297 oerte
634 3237 759 3296 mature
789 3231 939 3296 exolevit.
990 3233 1064 3298 Mea
1092 3232 1219 3315 quidem
1244 3250 1312 3297 sen-

190 3331 302 3414 tentia,
325 3333 415 3398 utin
438 3334 583 3418 plurimis
610 3332 704 3398 huius
727 3333 858 3398 fabulae
882 3333 1037 3418 versibus,
1059 3334 1110 3399 hio
1132 3335 1312 3418 corruptela

190 3441 296 3500 exstat
317 3440 355 3500 et‘
371 3435 571 3502 scribendum
595 3443 657 3502 est:
680 3455 747 3503 rem
769 3437 883 3521 ipsam.

278 3537 469 3623 „sirempse“
491 3558 575 3604 nuno
597 3545 685 3604 oerta
700 3539 882 3605 oonieetura
905 3539 1022 3622 legitur
1038 3538 1153 3624 Amph.
1169 3538 1222 3604 73':
1244 3538 1310 3621 „si-

190 3657 316 3723 rempse
335 3640 437 3723 legem
462 3641 555 3706 iussit
578 3661 649 3706 esse
672 3642 842 3727 Iuppiter“‚
865 3641 919 3707 uhi
942 3648 1038 3725 poeta
1060 3661 1161 3725 genus
1183 3641 1311 3707 dicendi

188 3741 342 3822 imitatur,
364 3742 459 3824 quale
481 3743 584 3808 estin
607 3743 731 3826 legibus
754 3751 786 3810 et
808 3745 841 3809 in
863 3745 1006 3810 formulis
1028 3745 1117 3812 iuris.
1161 3747 1210 3812 De
1233 3765 1311 3812 vooe

193 3843 365 3928 „siremps“
391 3879 433 3890 -
455 3864 530 3911 nam
554 3844 635 3912 haee
657 3846 761 3910 forma
780 3846 968 3932 saepissime
983 3848 1119 3913 oeourrit
1141 3886 1183 3894 -
1205 3849 1311 3932 dispu-

189 3945 272 4010 tavit
312 3946 496 4014 deotissime
528 3948 721 4014 Ritsohelius
755 3969 805 4033 op.
831 3949 884 4031 IV,
910 3953 951 4014 62
968 3970 1037 4033 sqq.
1072 3951 1109 4016 56.
1143 3950 1312 4034 Bergkins‚

189 4068 239 4132 op.
255 4048 279 4132 1,
294 4051 365 4115 525.
514 4120 517 4126 ,

229 4216 233 4224 ,
274 4153 448 4218 Deforme
474 4160 662 4239 „eampsus“
688 4155 730 4220 56.
752 4176 782 4240 p.
798 4158 848 4220 20.

178 4295 184 4306 ·
267 4258 371 4328 Troo.
395 4258 465 4340 496,
501 4275 596 4339 quem
625 4277 752 4326 versum
782 4277 852 4324 oum
876 4256 1035 4325 Sohoellio
1066 4258 1111 4325 sio
1140 4258 1309 4342 legendum
