3152 4852
1279 283 1298 342 9

262 451 344 516 Men
362 454 424 515 309
447 451 603 518 Lnohsius
630 460 663 516 et
684 452 812 517 Brinius
842 457 927 516 reote
954 452 1076 533 legunt:
1103 450 1229 516 Insanit
1250 449 1301 513 hio

177 554 317 636 quidem,
339 553 394 637 qui
416 555 506 638 ipsus
529 555 612 619 male
635 555 713 620 dioit
736 554 810 638 sibi;
833 554 872 619 of.
894 574 923 638 p.
943 557 989 618 12.
1008 591 1051 600 -
1067 553 1167 619 Oodd.
1189 552 1302 636 ,.ipse“.

262 655 378 722 Pseud.
393 659 456 720 914
479 656 732 741 improbandum
750 662 807 736 θεῖ
830 656 915 738 quod
939 656 1068 720 Brixius
1092 656 1230 720 Pareum
1253 671 1302 718 se·

175 764 266 823 entus
294 757 386 841 legit:
424 760 517 843 Ipsus
547 779 606 842 ego
635 759 702 824 iam
739 760 819 824 satis
857 758 934 842 sei03
954 758 1011 823 of.
1038 779 1067 842 p.
1084 760 1124 822 32
1160 754 1301 833 Ritsnhe·

174 861 236 925 lius
261 881 331 926 oum
355 860 424 927 ood.
446 861 471 924 F
495 861 617 928 scribit:
645 863 731 927 Istue
753 882 812 945 ego
835 861 902 925 iam
927 866 997 927 oett.
1043 860 1227 925 Ceterorum
1251 878 1301 922 oo·
1347 877 1349 883 ’

175 963 282 1028 diuum
305 962 400 1028 leutio
423 964 554 1029 turbata
577 972 635 1029 est.

263 1065 379 1131 Pseud.
398 1069 478 1129 1010
509 1085 579 1130 eum
604 1066 758 1131 Lorenuio
782 1065 908 1151 (Philol.
924 1065 1058 1150 XXXV,
1076 1067 1135 1128 178
1145 1063 1204 1148 sq.)
1227 1064 1300 1128 sori·

178 1166 317 1233 bendum
342 1187 413 1234 esse
435 1176 526 1252 puto:
549 1168 667 1234 I‘une’s
688 1171 717 1233 is
739 1170 896 1252 Harpax?
941 1170 1008 1252 Ego
1032 1189 1102 1233 sum
1119 1174 1216 1249 atque
1230 1167 1300 1249 ipse

105 1323 108 1330 .
174 1268 301 1354 harpax
333 1271 474 1353 quidem.
503 1309 546 1318 —-
575 1271 680 1356 ‚‚ipse“
702 1272 855 1355 seriptum
878 1273 982 1337 estin
1006 1270 1243 1353 uodd.;utrum
1266 1269 1300 1333 in

175 1373 286 1440 codiee
309 1375 337 1438 A
360 1393 487 1456 quoquo
519 1374 595 1440 olim
626 1375 783 1441 exstiterit
811 1394 911 1440 neone
941 1375 1097 1439 insertum
1129 1380 1185 1438 est.
1235 1373 1301 1436 Rit-

177 1476 317 1541 sohelius
340 1496 513 1560 pronomen
537 1479 642 1561 ‚,ipse“
665 1478 790 1543 omittit.

262 1577 360 1644 Stich.
377 1581 438 1642 373
455 1580 624 1663 probanda
640 1588 689 1644 est
703 1580 797 1645 leotio
814 1579 984 1660 eodinus,
1004 1580 1095 1644 ouius
1110 1580 1299 1662 scripturam

175 1680 325 1745 Loewius
348 1680 446 1746 anull.
461 1680 578 1745 Plauti.
601 1702 630 1764 p.
649 1682 708 1745 178
731 1680 867 1746 indioat:
890 1683 995 1766 Venit,
1016 1683 1157 1763 inquam.
1200 1681 1301 1746 Tutin

175 1783 265 1866 ipsus
294 1781 400 1866 ipsum
428 1783 562 1848 vidisti?
607 1784 744 1850 Lubens.
767 1821 809 1832 -
832 1786 870 1849 In
899 1786 1011 1850 ueteris
1035 1783 1124 1848 oodd.
1147 1782 1299 1847 omissum

178 1890 227 1949 est
251 1884 383 1968 „ipsus“.

262 1988 345 2052 Trin.
365 1993 441 2052 1071
469 1990 584 2072 iegitur
606 1991 639 2054 in
660 1990 751 2054 oodd.
766 1990 861 2055 Palu:
885 1990 976 2054 Satin
999 2009 1058 2073 ego
1083 1988 1183 2055 ooulis
1205 1989 1299 2072 plane

176 2089 293 2154 video?
323 2098 372 2155 est
397 2111 438 2155 ne
465 2091 555 2175 ipsus
583 2113 624 2156 an
647 2112 710 2156 non
734 2092 805 2158 est?
833 2093 862 2157 is
885 2097 946 2176 θεῖς
977 2097 1088 2158 eontra
1111 2092 1144 2155 in
1168 2090 1237 2155 eod.
1259 2091 1300 2154 A:

174 2197 224 2256 est
259 2211 299 2257 ne
335 2192 387 2257 irio
422 2213 465 2258 an
500 2214 563 2258 non
599 2201 667 2260 est?
697 2231 739 2242 -·
767 2194 960 2260 Ritsohelius
991 2193 1037 2279 (in
1068 2193 1143 2259 edit.
1172 2190 1299 2276 priore),

174 2293 412 2376 Fleckeisenus,
436 2295 626 2378 Spengeiius
649 2305 837 2381 receperunt
859 2296 1029 2362 lectionem
1051 2295 1168 2360 oodiois
1183 2298 1221 2379 A,
1243 2294 1300 2359 sed

174 2400 206 2458 et
229 2395 424 2460 Ritsoheiius
439 2397 535 2463 Proll.
552 2398 746 2464 CCCXXIII
770 2391 802 2464 e't
817 2398 1047 2464 Fleckeisenus
1066 2398 1148 2464 Nor.
1162 2417 1234 2462 ann.
1250 2397 1300 2477 93,

174 2516 204 2580 p.
220 2500 256 2560 61
292 2497 326 2561 in
358 2517 398 2562 ea
428 2499 606 2583 offendunt,
636 2520 706 2565 oum
738 2499 968 2566 consuetudine
990 2501 1140 2566 Plautina
1164 2499 1216 2563 vei
1237 2498 1300 2579 ‚,is“

174 2600 226 2663 vei
247 2600 372 2683 „ipsus“
395 2600 568 2684 flagitetur.
594 2604 682 2684 ¹Ego
706 2623 803 2666 unum
826 2603 1010 2688 exemplum
1030 2602 1114 2684 novi,
1137 2620 1199 2682 quo
1215 2599 1300 2681 ‚‚hio“

174 2721 349 2785 pronomen
373 2703 503 2769 detondi
526 2705 639 2788 possit:
667 2707 849 2770 Ρθ1·ε.544;
873 2711 922 2771 set
948 2724 1056 2770 eooum
1079 2704 1148 2787 ipse
1170 2709 1299 2786 optume

175 2805 306 2870 advenit
329 2807 456 2890 Hospes
478 2809 547 2885 ilie,
575 2809 628 2889 qui
656 2807 716 2872 has
739 2808 878 2873 tabelias
902 2808 1016 2873 attulit.
1039 2805 1205 2871 Hioinest?
1240 2805 1299 2870 Hie

175 2915 235 2973 est.
258 2946 300 2955 -
323 2908 387 2974 Sed
410 2929 480 2975 oum
503 2910 649 2994 piurimis
671 2911 751 2976 Iouis
774 2910 932 2978 similibus
954 2911 1088 2975 Plautus
1112 2908 1299 2992 pronomine

175 3011 302 3094 ‚‚ipsus“
325 3018 443 3092 utatur,
472 3033 534 3076 non
557 3012 668 3077 dubito
692 3013 742 3078 hio
765 3033 891 3096 quoque
914 3013 998 3077 hano
1019 3031 1128 3078 vooem
1152 3011 1300 3094 seribere,

178 3114 367 3196 praesertim
392 3135 463 3178 oum
487 3114 547 3180 hau
569 3114 704 3180 leetione
727 3123 855 3200 recepta
880 3115 985 3179 hiatus
1008 3115 1147 3180 tollatur.

261 3215 359 3282 Stich.
392 3219 452 3280 365
484 3218 691 3302 Ritsohelius,
736 3218 895 3296 Goetzius,
933 3219 988 3282 alii
1025 3225 1110 3284 reote
1147 3215 1299 3281 scribunt:

178 3318 388 3383 Commodum
413 3319 563 3384 radiosus
590 3341 662 3385 sese
685 3321 732 3386 sol
755 3321 931 3404 superabat
953 3340 993 3385 ex
1016 3319 1107 3385 mari.
1130 3356 1170 3365 —
1193 3321 1299 3403 ‚,sese“

182 3423 205 3485 Α
221 3422 273 3506 (of.
288 3423 526 3487 Studemundus
549 3424 629 3488 Mus.
644 3423 743 3488 Rhen.
759 3426 796 3486 21
815 3422 926 3508 (1866)
950 3444 979 3506 p.
992 3422 1076 3506 580),
1098 3422 1212 3487 eadem
1235 3441 1297 3486 vox

174 3523 335 3589 indioatur
352 3527 487 3591 leotione
504 3535 679 3591 ceterorum
696 3527 846 3592 librorum
864 3528 979 3610 „esso“.
1008 3526 1072 3590 Alii
1088 3532 1122 3590 ut
1139 3525 1298 3608 Bergkius

175 3627 286 3692 Beittr.
301 3649 326 3692 z.
342 3628 398 3693 iat.
414 3629 555 3694 Gramm.
567 3630 593 3711 Ι,
613 3632 671 3694 148
694 3630 836 3695 soribunt
858 3630 947 3713 „ipse
970 3631 1043 3694 sol“.

261 3731 434 3796 Praeterea
456 3732 561 3816 ‚‚ipse“
591 3732 642 3797 vel
668 3734 790 3816 „ipsus‘
813 3733 965 3798 oonioitur
995 3752 1015 3796 a
1039 3732 1200 3797 nonnullis
1221 3731 1298 3794 viris
1382 3721 1384 3726 ’

178 3830 281 3895 doetis
296 3830 328 3895 in
346 3831 394 3896 his
411 3833 567 3898 versibus:
585 3834 677 3916 Epid.
693 3837 732 3898 97
750 3856 770 3898 a
786 3835 927 3916 Goetuio,
950 3834 1042 3917 Epid.
1057 3837 1116 3896 145
1133 3852 1154 3896 a
1169 3831 1298 3897 Loewio

175 3932 228 4019 (of.
244 3935 344 4017 praef.
361 3935 454 4018 Epid.
471 3936 519 4002 ed.
532 3935 685 4002 Goetzius
700 3959 730 4021 p.
742 3939 880 4020 XXIII),
903 3937 966 4002 Mil.
982 3939 1062 4020 1333
1078 3955 1099 3999 a
1115 3935 1298 4017 Ribbeokio,

175 4038 267 4101 Troo.
282 4039 343 4098 553
361 4057 382 4101 a
397 4036 562 4120 Sohoeilio,
585 4039 700 4120 fragm.
716 4042 773 4103 132
790 4059 811 4102 a
827 4038 1055 4128 Studemundno.
1100 4038 1136 4103 In
1152 4037 1298 4102 omnibus

175 4138 225 4204 his
236 4138 383 4204 versibus
396 4140 535 4204 maxime
550 4140 704 4206 insertum
721 4153 771 4206 est
784 4142 835 4207 vei
850 4141 958 4229 potius
969 4139 1098 4207 omnino
1111 4139 1297 4222 investigari

174 4239 294 4325 nequit,
317 4239 394 4326 quid
418 4238 494 4308 oiim
516 4241 550 4308 in
573 4247 661 4311 textu
685 4241 811 4310 fuerit.⁴
