3152 4852
1281 267 1320 326 41

201 438 233 498 15
255 452 333 516 erga
355 431 439 498 idem
463 451 501 498 ac
517 433 585 500 fuit
629 431 956 498 Ρ115115.7161551115
979 429 1190 498 5555511555
1206 439 1323 499 manet.

201 536 277 601 Hac.
294 539 351 599 791
377 535 507 601 easdem
530 535 653 600 anrioas
675 534 743 601 1515
766 535 823 600 tibi
838 536 998 618 promitto.
1013 573 1056 582 -
1071 535 1170 602 Deest
1192 537 1324 602 ultimus

200 657 313 704 versus
335 638 368 702 in
390 638 428 722 A,
451 638 507 704 sed
531 637 714 722 agnoscitur
736 656 758 701 a
779 638 916 705 Donato.

570 962 713 1030 OAPUT
736 963 962 1030 sensnum

292 1103 344 1168 lle
368 1102 604 1170 collocatione
627 1101 852 1187 pronominis
874 1100 1024 1185 „idem“
1047 1120 1127 1168 cum
1152 1101 1235 1167 51115

513 1219 792 1310 pronominibus
816 1221 1008 1289 coniuncti.

619 1408 622 1416 ,
741 1359 803 1424 Α..

286 1478 429 1562 Perraro,
458 1477 545 1559 quod
575 1495 626 1542 res
655 1477 728 1562 ipsa
761 1477 837 1560 fert,
873 1477 995 1562 „idem“
1025 1495 1096 1542 cum
1134 1477 1322 1562 pronomine

199 1580 364 1664 personali
380 1578 595 1662 coniungitur:
617 1578 887 1663 05111864155111
911 1599 971 1662 ego
994 1580 1184 1646 5511185155.
1228 1579 1323 1646 Mero.

200 1685 262 1747 853
292 1682 377 1747 idem
408 1687 535 1765 egomet
564 1682 607 1746 mi
639 1681 783 1748 oboedio.
827 1683 1084 1760 Ρ555.161515,
1112 1681 1248 1747 eundem
1272 1702 1322 1748 mc

199 1782 571 1868 (1515-11511111085
594 1788 629 1847 15
651 1783 745 1850 idem.
790 1782 938 1849 1151567
961 1790 996 1848 15
1019 1783 1115 1849 idom.
1159 1783 1320 1850 11515147

199 1894 302 1954 515151
324 1894 359 1953 15
381 1886 496 1952 cadom
519 1885 610 1952 era's.
653 1885 750 1952 Andr.
768 1889 826 1950 521
852 1893 887 1951 15
909 1893 1020 1952 155155
1041 1887 1135 1952 idom.

286 1991 432 2056 1151571
467 1989 572 2056 codd:
603 1989 676 2054 Tibi
708 2009 800 2070 5155,
831 1989 888 2054 tibi
918 2008 1025 2068 occas,
1055 1988 1112 2055 tibi
1141 1989 1233 2073 seris,
1262 1988 1322 2054 tibi

199 2094 304 2161 eidem
328 2100 438 2160 metes.
460 2095 594 2160 -Iam
618 2091 765 2178 Guyetus
788 2092 970 2164 emendavit
993 2092 1068 2175 „tibi
1097 2092 1172 2158 item
1195 2092 1323 2159 metes“.

286 2199 457 2262 Praeterea
486 2203 570 2280 „tute
600 2195 703 2262 idem“
733 2196 895 2262 invenitur
926 2196 1013 2281 apud
1044 2195 1235 2280 Caecilium,
1268 2195 1322 2261 ubi

113 2365 117 2370 .
199 2299 717 2382 8155551555955155115111
747 2288 822 2363 mibi
854 2298 960 2364 sobrio
984 2299 1162 2364 Dormitum
1194 2304 1321 2363 515515

199 2404 370 2486 quisquam
394 2404 529 2469 suadet?
559 2405 633 2468 5151
655 2422 715 2486 ego
739 2402 958 2468 obdormivero
974 2404 1058 2484 Tute
1080 2402 1165 2468 idem
1188 2401 1243 2466 ubi
1258 2401 1322 2493 eris

173 2529 180 2574 .·
199 2505 428 2596 experrectus?
1395 2505 1398 2512 ’

285 2608 322 2673 Ι5
346 2606 395 2672 his
417 2607 575 2693 exemplis
590 2626 764 2692 pronomen
787 2607 911 2692 primae
933 2625 1091 2690 personae
1112 2607 1323 2690 postponitur,

199 2730 375 2794 pronomen
397 2709 528 2776 51151155
543 2729 700 2794 personae
716 2709 922 2794 anteponitur
944 2696 1048 2791 neque
1069 2715 1178 2774 tamen
1200 2715 1320 2772 certam
1367 2759 1368 2764 1

198 2813 301 2897 legem
325 2832 364 2879 ex
386 2813 500 2897 paucis
523 2812 679 2897 exemplis
702 2812 894 2878 constituere
916 2812 999 2878 lieet.

235 3049 238 3058 .
288 3001 338 3065 De
367 3000 575 3067 collocatione
605 3001 803 3087 pronominis
825 3001 944 3086 „idem“
967 3021 1036 3083 cum
1060 2998 1320 3066 demonstrativis

200 3103 442 3188 pronominibus
472 3105 631 3170 coniuncti
654 3104 846 3171 Ritschelius
877 3104 1026 3170 disseruit
1053 3105 1087 3167 in
1108 3103 1215 3168 indice
1236 3103 1321 3168 lectt.

199 3212 278 3272 5551.
301 3205 400 3271 Bonn.
426 3207 563 3288 1841142
594 3226 624 3290 p.
647 3207 677 3272 X
707 3205 764 3292 (=
780 3225 886 3292 opusc.
905 3207 945 3284 ΙΙ,
969 3209 1030 3269 418
1053 3203 1124 3291 511),
1154 3205 1208 3287 qui
1239 3203 1321 3296 hanc

198 3306 301 3391 legem
321 3307 504 3398 indagasse
534 3307 594 3372 sihi
621 3308 798 3386 videbatur,
829 3312 862 3372 ut
890 3313 1007 3392 1155155
1038 3307 1177 3372 scaenici
1200 3307 1320 3388 „idem“

199 3431 270 3476 cum
286 3409 475 3494 pronomine
489 3409 740 3475 demonstrativo
753 3411 955 3476 coniunctum
967 3414 1162 3493 anteponere
1174 3411 1321 3475 solerent.

199 3513 263 3580 Sed
291 3512 472 3579 accuratius
502 3511 610 3577 omnia
638 3513 797 3597 exempla,
827 3529 912 3595 qnae
940 3516 1084 3595 exstant,
1112 3512 1318 3595 inspicientes

198 3615 380 3682 videbimus
413 3615 496 3680 hano
527 3616 670 3698 regulam
701 3616 800 3700 paulo
830 3615 1002 3681 artioribus
1040 3612 1154 3679 finibus
1190 3614 1322 3680 circum·

198 3718 401 3784 scribendam
424 3737 504 3784 esse.
580 3791 583 3803 ¹
741 3805 766 3869 B

282 3921 403 4006 „idem“
426 3941 495 3986 oum
518 3925 744 4011 pronomine„
745 3924 813 3991 hic“
837 3914 1039 3992 coniunctum
1062 3921 1148 4065 apud
1171 3922 1320 3988 Plautum

197 4023 247 4088 his
270 4023 349 4090 locis
372 4025 586 4109 anteponitur:

282 4127 876 4212 1115111154555115511155505511
892 4135 920 4210 2
939 4133 976 4195 18
999 4129 1085 4195 idem
1100 4127 1169 4193 hoc
1205 4126 1321 4195 Bacch.

198 4232 254 4294 421
282 4230 436 4300 eademne
460 4237 529 4300 erat
552 4231 634 4300 haec
656 4233 836 4317 disciplina.
880 4230 1221 4301 11117551115151155
