3152 4852
293 289 330 354 18

374 459 503 525 Eadem.
525 458 650 525 ratione
677 464 763 524 reotc
793 457 940 522 scribitur
967 461 1060 524 Truc.
1076 461 1151 524 852:
1181 459 1245 526 Sed
1278 458 1415 524 nimium

288 561 342 645 pol
365 568 541 645 opportune
549 561 573 644 ¹)
596 579 695 644 capse
718 578 825 626 eccam
849 560 1011 642 egreditur
1033 558 1120 626 foras
1143 559 1196 645 (ci.
1212 560 1416 644 Ritscbclius,

287 663 327 730 N.
341 663 444 730 Plaut.
459 664 536 729 Erro.
551 665 574 745 I,
598 663 661 749 52).
683 699 725 712 -
747 661 840 728 codd.
861 663 919 747 „ab
943 663 1003 728 se“.

374 765 428 831 Sic
450 784 578 848 quoque
601 785 671 830 oum
687 764 837 830 Acidalio
860 771 892 830 et
906 765 1019 848 paucis
1034 765 1227 832 editionibus
1242 766 1414 851 legendum

287 886 359 934 esse
381 875 458 954 puto
482 869 547 934 Mil.
563 871 638 933 94οι
666 867 723 932 dat
749 887 833 933 nuno
860 887 961 952 eapse
985 867 1099 934 mulier·
1125 887 1265 953 operam.
1289 907 1330 915 —
1352 867 1413 952 „ab

289 971 341 1036 se“
364 971 454 1036 codd.

374 1073 493 1138 Contra
515 1093 578 1136 non
601 1079 687 1138 recte
710 1072 877 1138 Scutarius
900 1080 932 1137 et
954 1073 1119 1139 Acidaiius
1142 1075 1275 1158 „eapse“
1297 1091 1414 1158 propo-

283 1183 417 1242 suerunt
439 1174 503 1239 Mil.
520 1175 589 1257 969,
617 1173 670 1239 ubi
693 1179 778 1239 recte
801 1175 929 1258 iegitur:
956 1173 1039 1239 hunc
1067 1174 1289 1240 subcustodem
1319 1193 1412 1238 suum

287 1281 389 1346 Foras
412 1279 583 1362 ablegavit,
606 1277 681 1342 dum
705 1278 747 1343 ab
770 1298 804 1343 se
827 1279 887 1343 huo
910 1278 1069 1344 transiret.
1120 1281 1124 1286 '

373 1383 465 1447 Truc.
482 1384 542 1444 513
567 1380 746 1446 Schoellius
770 1379 892 1445 scribit:
915 1380 978 1446 Ubi
994 1379 1068 1445 ¹illic
1090 1379 1260 1465 obsecrost,
1281 1381 1336 1464 qui
1361 1399 1412 1444 me

286 1484 338 1550 bic
370 1484 521 1567 reliquit?
559 1502 657 1568 eapse
689 1483 785 1548 faves
818 1482 926 1548 ubist?
957 1519 999 1530 -
1030 1482 1094 1548 Sed
1128 1483 1226 1548 verba
1258 1483 1288 1547 in
1320 1481 1412 1548 codd.

287 1587 425 1652 maxime
455 1592 528 1651 sunt
559 1592 716 1669 corrupta.
765 1586 877 1650 Finem
906 1604 1018 1650 versus
1045 1585 1135 1652 codd.
1164 1585 1315 1653 exhibent
1345 1586 1410 1650 ita:

285 1689 401 1774 „eabse
431 1688 523 1775 (absc
552 1687 650 1772 ODL)
680 1687 823 1771 abisti“,·-
840 1688 893 1752 ubi
934 1687 1034 1754 latere
1071 1707 1247 1772 pronomen
1277 1688 1411 1773 „eapse“

286 1779 426 1870 maxime
449 1789 624 1856 verisimile
646 1796 703 1855 est.
982 1795 985 1802 ’

371 1893 445 1959 Alia
467 1899 516 1957 est
537 1893 720 1976 corruptela
744 1891 841 1958 Stich.
857 1896 917 1957 501
942 1900 974 1958 et
996 1895 1089 1958 Truc.
1105 1896 1175 1960 851.
1198 1932 1240 1940 -

372 1993 468 2062 Stich.
487 1999 544 2058 501
575 1995 693 2078 legitur·
719 1995 751 2059 in
781 1994 871 2061 codd.
894 1995 962 2060 BC:
989 1994 1108 2074 Quaen
1132 1996 1258 2081 etipsa
1281 1995 1410 2062 deciens

286 2101 319 2163 in
342 2099 394 2164 die
417 2105 519 2163 mutat
541 2098 654 2162 locum.
670 2133 711 2143 —
726 2097 822 2162 Nullo
845 2098 939 2163 modo
961 2099 1093 2164 tolerari
1115 2105 1219 2184 potest
1240 2105 1290 2184 „et
1311 2098 1410 2182 ipsa“,

288 2220 359 2266 cum
397 2199 477 2266 haec
515 2199 631 2264 locutio
661 2198 748 2284 apud
778 2200 928 2265 Plautum
959 2201 1207 2285 'terentiumque
1244 2221 1407 2283 nunquam

284 2303 468 2369 inveniatur
496 2308 529 2368 et
558 2302 687 2367 omnino
718 2303 882 2368 rarissime
913 2310 1083 2390 usurpetur
1114 2311 1188 2370 ante
1210 2304 1344 2369 Livium.
1366 2341 1408 2351 -
1483 2329 1485 2334 ·

285 2403 453 2470 Acidaiius
479 2403 615 2470 coniecit
646 2423 790 2487 ,quaene
818 2405 913 2490 ipsa“,
938 2409 1055 2472 rectius
1078 2406 1270 2473 Rit'scheiius
1298 2406 1408 2472 scribit

287 2505 428 2586 „Quaen’
450 2511 578 2592 eapse“.

294 2654 296 2658 -
370 2611 462 2676 Truc.
479 2612 536 2674 951
571 2614 656 2674 recte
686 2610 763 2693 legit
794 2608 973 2676 Schoellius
1002 2632 1072 2677 oum
1105 2611 1276 2697 Seyfferto‚
1305 2612 1407 2677 studd.
1451 2601 1455 2610 ’

284 2711 400 2778 Plautt.
424 2733 456 2796 p.
470 2714 525 2776 23:
549 2710 636 2776 Nibil
660 2718 720 2777 est:
748 2731 824 2792 nam
847 2731 946 2798 capse
968 2715 1059 2795 uitro,
1085 2720 1120 2779 ut
1148 2714 1307 2797 factumst,
1333 2714 1408 2779 fecit

284 2833 409 2880 omnem
448 2834 514 2880 rem
548 2815 666 2898 palam.
698 2852 741 2862 -
771 2814 871 2881 Codd.
904 2835 996 2894 „nam
1028 2817 1099 2901 ipsa
1136 2823 1168 2881 et
1201 2817 1314 2899 ultro“,
1350 2815 1407 2881 sed

284 2916 443 3001 particula
469 2921 536 2995 ,et“
568 2916 733 2982 reicienda
761 2923 819 3000 est,
849 2936 919 2982 cunr
947 2923 1014 2997 ,et‘
1045 2940 1103 3003 pro
1128 2921 1263 2998 ,etiam“
1289 2935 1310 2982 a
1336 2937 1407 2982 oon-

284 3019 451 3085 suetudine
474 3019 627 3084 Plautina
657 3018 798 3084 alienum
830 3020 871 3083 sit
902 3018 954 3105 (cf.
971 3038 1042 3102 eg.
1060 3019 1291 3103 Lachmannus,
1316 3021 1406 3084 Lucr.

283 3142 313 3206 p.
330 3122 415 3206 389),
437 3141 513 3187 nam
537 3121 695 3206 exempla,
719 3140 809 3202 quae
825 3120 970 3186 Holtnius
993 3120 1083 3205 Synt.
1099 3122 1191 3204 prisc.
1206 3140 1265 3186 scr.
1280 3123 1351 3188 Lat.
1367 3123 1405 3200 ΙΙ,

283 3223 519 3308 peccabat,
546 3223 655 3288 omnia
682 3223 776 3288 aliter
799 3239 833 3288 se
856 3223 986 3289 babent.
1030 3221 1178 3288 Ceterum
1203 3222 1406 3287 confirmatur
1497 3209 1499 3216 ¹

286 3329 419 3410 ,eapse“
445 3345 539 3391 versu
555 3325 711 3408 sequenti,
734 3325 788 3390 ubi
811 3346 893 3390 nuno
916 3326 1031 3392 eadem
1054 3326 1157 3390 forma
1178 3330 1263 3390 recte
1285 3344 1305 3389 a
1327 3324 1404 3389 viris

282 3427 386 3493 doctis
407 3427 562 3493 scribitur.

282 3549 485 3562 -ι-ι-ιι--ι-

372 3600 396 3662 ¹)
414 3597 447 3650 In
460 3597 543 3650 codd.
554 3596 628 3651 BOD
642 3601 686 3653 est
695 3602 875 3665 „oportuna“,
888 3611 968 3665 quam
982 3595 1095 3650 formam
1108 3594 1230 3650 retinent
1239 3594 1404 3666 Spengelius

282 3687 312 3737 et
335 3683 486 3750 Langenus
510 3682 606 3737 Beittr.
621 3686 645 3737 3.
663 3714 697 3722 -
715 3682 859 3737 Adiectivi
885 3679 999 3736 formam
1024 3680 1175 3736 defendere
1204 3681 1298 3752 possis
1323 3697 1404 3737 versu

282 3767 364 3821 Most.
377 3771 437 3832 574,
461 3781 544 3835 quem
561 3766 733 3822 Ritschelius
758 3767 800 3822 sio
819 3767 901 3836 legit:
925 3765 1072 3835 Nunquam
1097 3766 1215 3835 potuisti
1234 3766 1298 3822 mihi
1317 3767 1403 3835 Magis

251 3859 455 3921 ·opportunus
484 3852 630 3921 adven[ire
653 3856 746 3922 quam]
776 3852 902 3906 advenis.
948 3850 1003 3905 Sed
1033 3867 1094 3906 cum
1125 3854 1265 3908 constanti
1294 3868 1347 3906 usn
1377 3857 1404 3906 et

280 3938 408 3993 Plautino
430 3943 459 3992 et
477 3936 647 3993 Terentiano
670 3937 834 3993 adverbium
856 3937 1044 4005 ‚opportunc“
1064 3935 1207 4006 flagitetur
1224 3937 1317 4005 (Most.
1329 3941 1402 3991 1077.

281 4022 337 4076 Mil.
356 4026 413 4077 897.
448 4023 532 4078 Poen.
551 4028 608 4078 576.
649 4024 725 4078 Pers.
746 4027 802 4078 101.
840 4022 928 4078 Andr.
948 4026 1005 4076 315.
1025 4026 1084 4078 590.
1119 4024 1219 4078 Heant.
1240 4027 1295 4079 179.
1337 4023 1403 4078 Hec.

281 4112 338 4162 026.
352 4111 421 4173 808),
439 4109 549 4162 minime
562 4107 660 4163 dubito
678 4123 741 4162 oum
760 4108 821 4163 cod.
834 4111 857 4163 L
876 4112 904 4162 et
917 4107 1058 4176 plerisque
1071 4107 1228 4165 editoribus
1239 4107 1402 4163 adverbium

281 4197 472 4263 „opportune“
485 4193 615 4261 recipere.
629 4191 796 4262 Saepissime
807 4193 923 4249 eandem
934 4194 1121 4263 corruptelam
1131 4192 1258 4261 inveniri,
1269 4192 1402 4261 probatur

280 4277 424 4347 exemplis,
444 4293 515 4346 quae
534 4275 688 4348 Seyffertus
707 4277 801 4333 studd.
813 4278 916 4334 Pleutt.
928 4293 955 4348 p.
969 4283 1001 4334 19
1019 4279 1108 4336 effert.
