3152 4852
242 251 261 312 8

324 403 549 502 Amphitruoni
575 420 644 483 ias.
670 420 739 481 roo.
763 419 833 481 noc.
857 419 1022 481 4111131.

323 505 590 604 amphitrionem
603 520 842 586 1111111111.
856 521 925 584 sm.
937 520 1092 585 111111.
1104 520 1176 583 ers.
1188 517 1260 580 eor.
1276 517 1365 582 rose.

323 606 560 705 Amphitruone
585 625 653 686 reo.
678 623 749 686 sao.

325 723 583 808 „Amphitruoni“
610 724 708 788 semel
735 724 895 810 invenitur
924 744 951 788 v.
973 724 1043 800 893,
1065 720 1367 804 ‚‚Amphltrubnem“

240 825 339 892 semel
362 847 390 890 v.
408 829 498 908 1005,
520 833 553 891 11
575 844 774 908 quamquam
797 825 881 890 hunc
902 826 1001 889 ictum
1023 823 1074 888 his
1088 823 1168 888 loeis
1182 824 1217 887 iu
1231 823 1364 887 dubium

242 947 359 993 vocure
389 947 453 992 non
482 927 600 1009 audeo,
631 933 739 992 tamen
768 947 833 991 non
862 927 936 992 licet
965 945 1023 1010 per
1050 926 1268 991 coniecturam
1292 925 1366 990 aliis

242 1029 322 1095 locis
343 1049 416 1094 cum
438 1028 574 1094 efficere.

327 1131 518 1197 Pronomine
549 1133 655 1215 „ipsus“
685 1131 797 1196 addito
827 1131 1043 1210 Hermonem,
1071 1129 1280 1212 Bitscbelius,
1309 1128 1366 1194 alii

241 1234 480 1299 emendandum
503 1253 574 1299 esse
602 1240 717 1318 putant
742 1253 869 1298 versum
894 1230 1007 1296 Bacch.
1025 1235 1096 1297 565.
1141 1231 1254 1297 codd:
1277 1229 1366 1297 Occi·

241 1355 335 1422 peres
364 1342 432 1401 tute
462 1356 572 1402 amare
599 1343 631 1402 ct
662 1337 705 1400 mi
734 1336 798 1400 ires
828 1335 1006 1401 oonsuultum
1036 1335 1129 1401 male.
1187 1334 1367 1400 Hermanni

244 1440 458 1505 coniecturam
488 1441 583 1522 „lpse
605 1438 767 1522 occiperes
788 1444 857 1502 tute
878 1436 966 1503 cett.“
989 1437 1186 1502 reiciendum
1209 1455 1280 1501 csse
1310 1456 1367 1520 ap·

244 1546 337 1626 paret
359 1559 399 1605 ex
422 1541 478 1623 cis,
507 1559 592 1623 quac
613 1540 696 1604 infra
721 1559 750 1623 p.
767 1543 802 1602 31
830 1559 878 1621 sq.
905 1539 946 1604 dc
975 1538 1187 1604 collocatione
1208 1538 1365 1623 pronomi-

244 1663 319 1708 num
351 1642 522 1726 disputavi.
576 1642 708 1707 Rcctius
737 1640 931 1706 Bitschelius
961 1640 1084 1704 scribit:
1106 1638 1276 1724 Occiperes
1298 1648 1366 1705 tutc

243 1746 315 1828 ipso
338 1763 449 1810 amare
472 1794 513 1821 ..,
536 1744 591 1809 scd
615 1762 656 1810 ne
678 1742 762 1808 hanc
784 1741 913 1826 quidem
936 1743 1104 1808 lectionem
1127 1742 1258 1826 probari
1273 1761 1367 1826 posse

244 1846 414 1928 Ussingius
435 1851 468 1910 ct
482 1845 653 1910 Muellerus
675 1844 758 1912 Add.
780 1865 810 1929 p.
828 1847 887 1908 123
912 1845 988 1910 milii
1012 1851 1250 1928 persuaserunt
1292 1846 1367 1910 Pro-

244 1948 339 2012 batur
362 1946 439 2013 mihi
463 1947 606 2030 Ussingii
629 1948 812 2014 emendatio
834 1967 924 2029 ‚‚cum
949 1953 984 2011 ut
1006 1948 1212 2030 occiperes..
1228 1948 1253 2014 .“

328 2051 442 2116 Restat
466 2057 499 2114 ut
522 2050 635 2134 paucis
659 2051 814 2115 disseram
837 2048 878 2115 de
900 2049 950 2114 his
972 2050 1131 2114 versibus:

328 2151 442 2237 Amph.
459 2157 495 2215 71
522 2152 612 2234 lego:
640 2153 707 2218 sive
730 2152 801 2236 ipsc
823 2151 888 2236 (vel
910 2171 985 2233 „seu
1008 2151 1063 2235 qui
1085 2153 1187 2236 ipse“)
1211 2151 1368 2218 ambissit.

244 2291 285 2301 -
313 2255 351 2321 B:
380 2255 448 2321 sive
478 2255 532 2337 qui
563 2256 633 2340 ipse
662 2255 827 2320 ambisset.
877 2255 942 2318 Alii
973 2255 1172 2339 praeferunt:
1207 2255 1276 2319 sive
1305 2254 1369 2337 ipsi

243 2356 420 2421 ambissint.
1402 2373 1405 2376 ·

328 2459 443 2542 Amph.
463 2463 521 2522 170
550 2460 584 2524 in
614 2459 704 2526 codd.
735 2459 888 2543 seriptum
916 2467 984 2524 est:
1011 2462 1085 2542 Ipse
1107 2458 1256 2522 dominus
1277 2459 1369 2522 dives

244 2563 350 2646 operis
387 2569 419 2627 et
455 2562 576 2628 laboris
613 2581 737 2646 expers.
796 2561 884 2639 Quos
920 2582 1039 2646 prauos
1071 2581 1222 2626 numeros
1255 2559 1369 2626 retinet

244 2664 422 2748 Ussiugius.
444 2702 487 2712 -
509 2665 624 2743 Multa,
648 2683 731 2746 quac
753 2666 786 2729 in
809 2664 869 2728 hoc
891 2683 986 2728 vorsu
1008 2664 1180 2742 offendunt,
1203 2669 1370 2728 enumerat

245 2767 404 2849 simulque
433 2766 626 2832 mutationes
655 2766 707 2831 vcl
730 2767 961 2850 explicationes
983 2765 1130 2848 Christii,
1156 2765 1370 2847 Fleckeiseui,

245 2869 451 2953 Fubrmauni‚
475 2869 686 2934 Studemuudi
710 2869 828 2935 refutat
845 2870 1017 2951 Langenus
1033 2870 1142 2934 Beittr.
1161 2873 1209 2934 10.
1230 2905 1272 2916 -
1294 2869 1370 2952 lpse

246 2969 295 3034 vir
317 2969 519 3034 doctissimus
542 2971 673 3034 conicit:
697 2971 791 3060 lpsus¹
822 2969 970 3034 dominus
1000 2970 1096 3035 dives
1122 2979 1153 3034 et
1182 2989 1298 3054 expers
1325 2971 1370 3035 la·
1448 3036 1452 3042 ,

246 3073 341 3138 boris.
390 3073 454 3138 Sed
485 3073 572 3138 haud
601 3073 697 3138 dubie
728 3092 800 3137 eum
829 3073 1054 3157 Fuhrmauuo,
1081 3073 1161 3139 Nov.
1184 3073 1289 3137 annal.
1309 3077 1368 3136 105

245 3174 357 3259 (1872)
381 3196 410 3259 p.
427 3177 502 3257 830,
530 3194 624 3258 quem
649 3175 800 3240 Goetaius
823 3180 855 3240 ct
878 3174 1027 3240 Loewius
1050 3179 1235 3256 sequuntur,
1257 3194 1370 3240 versus

247 3279 375 3362 spurius
397 3277 565 3343 habendus
588 3285 644 3342 est.

331 3379 418 3445 Asin.
434 3382 495 3443 114
519 3378 618 3463 probo
642 3378 768 3444 Goctuii
799 3386 831 3444 et
852 3379 978 3444 Loewii
1000 3380 1183 3444 lectionem:
1206 3379 1312 3444 Etiam
1336 3384 1369 3444 tu

245 3499 298 3546 erc
330 3481 434 3546 istunc
463 3501 595 3547 amoves
626 3482 686 3546 abs
714 3487 746 3545 te
768 3487 864 3561 atque
886 3482 957 3564 ipse
979 3482 1022 3544 ad
1045 3501 1096 3546 mc
1119 3481 1306 3564 adgredere.
1326 3519 1370 3530 -

245 3584 282 3646 ln
317 3582 408 3649 codd.
441 3582 532 3647 deest
565 3583 651 3666 „ad“.
711 3583 775 3646 Alii
809 3582 891 3646 alias
925 3582 1165 3648 emendationes
1198 3583 1370 3666 proferunt.

246 3683 341 3749 Certe
371 3685 535 3750 reicienda
561 3690 611 3750 cst
633 3684 771 3752 Acidalii
803 3685 987 3749 coniectura
1017 3686 1140 3767 „ipsum
1171 3685 1249 3765 me“,
1271 3705 1368 3767 quam

246 3785 419 3870 Ussingius
442 3793 474 3851 et
495 3787 562 3852 Leo
585 3787 753 3870 rccipiunt3
776 3787 817 3852 cf.
839 3808 869 3870 p.
886 3789 935 3852 32.

331 3886 446 3953 Bacch.
467 3890 528 3952 478
551 3887 719 3953 retinenda
750 3896 799 3954 cst
828 3889 972 3954 codicum
1004 3889 1114 3954 lectio:
1143 3871 1188 3954 Ut
1216 3890 1306 3973 ipsus
1336 3890 1369 3953 in

245 3989 367 4072 gremio
398 3989 596 4056 osculantem
627 3991 793 4055 mulierem
824 3998 934 4056 teneat
963 3991 1086 4056 sedens.
1114 4017 1157 4038 —-⁴
1184 3993 1256 4056 Non
1283 3999 1369 4057 recte

246 4093 330 4158 enim
360 4093 394 4157 in
425 4093 488 4158 ictu
519 4099 572 4176 „uit
602 4092 708 4177 ipsus“
731 4093 889 4178 Pyladem
912 4101 943 4160 ct
965 4095 1182 4160 Hermannum
1206 4094 1368 4160 offendere

245 4194 483 4264 demonstratur
505 4196 662 4283 exemplis
685 4216 705 4260 a
726 4196 879 4265 Muellero
903 4197 954 4263 Pr.
975 4197 1022 4266 Pl.
1043 4218 1074 4284 p.
1091 4199 1151 4264 360
1174 4197 1293 4268 allatis.
