3152 4852
233 251 273 314 46

233 440 294 486 usu
315 418 569 486 coniunctionem
592 419 816 505 pronominum
832 419 953 508 ,‚idem“
967 427 1000 486 et
1013 419 1118 505 ,‚ipse“
1133 427 1165 487 et
1179 440 1359 506 perpaucos

227 524 320 590 locos
335 521 570 604 Ciceronianos
593 523 647 588 ubi
670 522 702 586 in
725 523 873 589 omnibus
896 524 947 590 vel
970 524 1003 590 in
1018 525 1180 590 nonnullis
1195 524 1358 591 codicibus

233 623 315 690 haec
330 623 393 688 duo
408 623 599 708 pronomina
615 623 856 706 coniungantur,
872 625 1093 692 emendandos
1108 645 1186 692 esse.
1223 626 1358 709 Reisigii

233 727 393 793 sententia
414 726 544 810 probari
567 725 694 792 videtur
717 726 847 792 Baitero
869 734 901 792 et
923 729 1062 813 Halmio,
1093 729 1147 810 qui
1169 729 1301 811 quidem
1324 729 1358 794 in

232 828 371 895 editione
388 828 551 894 Ciceronis
566 829 781 913 paucissimos
803 831 890 896 locos
912 830 1076 896 obstantes
1098 831 1187 898 sacili
1209 830 1360 896 emenda·

233 931 319 996 tione
341 931 511 1012 corrigunt.
556 931 662 995 Minus
685 931 848 1016 probatur,
870 933 955 1015 quod
970 932 1131 1016 Reisigius
1147 933 1298 1016 disputat,
1320 934 1360 1015 ei,

232 1035 287 1116 qui
317 1031 445 1098 scholas
475 1033 546 1096 eius
574 1033 690 1100 edidit:
721 1034 883 1100 Friderico
906 1035 1039 1100 Haasio.
1082 1034 1147 1102 Sed
1176 1035 1204 1118 is
1230 1041 1359 1119 praeter

233 1137 415 1221 exemplum
441 1135 507 1202 Cic.
522 1137 610 1202 Verr.
626 1139 649 1220 Ι,
673 1139 724 1222 28,
747 1137 766 1223 ξ
792 1142 841 1222 71,
863 1138 948 1221 quod
971 1145 1080 1204 tamen
1104 1139 1209 1222 ipsum
1230 1159 1358 1222 quoquc

206 1225 212 1236 ’
233 1238 469 1306 emendandum
486 1258 557 1304 esse
573 1259 676 1321 neque
689 1241 867 1323 quidquam
883 1243 994 1307 valere
1006 1242 1077 1325 ipse
1089 1243 1139 1308 vir
1153 1242 1359 1308 doctissimus

233 1343 439 1425 demonstrat,
465 1361 505 1408 ne
534 1363 630 1408 unum
654 1343 782 1425 quidem
806 1345 909 1409 locum
932 1362 973 1410 cx
996 1343 1127 1428 optimis
1148 1344 1359 1428 scriptoribus

233 1447 335 1529 offert,
358 1443 413 1527 qui
435 1452 556 1528 pugnet
578 1451 689 1512 contra
705 1445 840 1529 Reisigii
864 1447 1066 1512 sententiam.
1110 1445 1202 1524 Quod
1218 1447 1360 1516 Haasius

234 1548 413 1621 imitatione
430 1547 601 1627 Laotantii,
623 1549 678 1630 qni
694 1549 886 1633 saepissime
901 1548 990 1614 dicat
1003 1548 1104 1630 „idem
1120 1549 1215 1633 ipset,
1230 1548 1359 1634 probari

233 1656 326 1734 putat
349 1649 535 1716 Ciceronem
565 1670 692 1733 quoque
722 1649 802 1716 haec
833 1650 896 1715 duo
926 1650 1117 1736 pronomina
1148 1651 1358 1730 coniunxisse,

235 1752 309 1818 huic
331 1757 520 1835 argumento
550 1773 614 1817 non
644 1752 1011 1819 multumtribuendum
1041 1771 1114 1820 esse
1144 1759 1230 1838 puto.
1273 1754 1358 1820 Nam

234 1854 383 1938 quamvis
415 1874 532 1938 magno
564 1855 671 1922 studio
693 1855 885 1920 Lactantius
913 1875 1091 1922 sermonem
1114 1855 1358 1924 Ciceronianum

235 1958 353 2024 imitari
385 1956 538 2038 studeret,
576 1963 685 2022 tamen
716 1957 904 2042 saepissime
933 1958 1055 2024 iactum
1084 1965 1145 2046 est,
1183 1964 1226 2024 nt'
1239 1959 1359 2024 invitus

221 2060 376 2126 sermoni
399 2080 477 2126 suae
500 2061 616 2125 aetatis
639 2061 831 2144 indulgeret.
875 2061 1037 2128 Lactantii
1064 2067 1172 2128 autem
1185 2067 1306 2128 aetate
1327 2068 1359 2128 et

234 2163 364 2229 omnino
395 2161 483 2245 apud
509 2162 680 2246 scriptores
701 2163 894 2246 posteriores
916 2165 1107 2246 saepissime
1128 2163 1249 2249 ‚‚idem“
1271 2184 1359 2229 usur·

233 2270 330 2350 patur
345 2285 402 2348 pro
418 2264 489 2346 „is“‚
511 2264 559 2328 ita
582 2270 616 2328 ut
632 2263 734 2346 „idem
751 2265 839 2348 ipse“
855 2264 939 2330 idem
963 2267 1076 2332 valeat
1089 2269 1187 2349 atque
1202 2266 1247 2350 „is
1263 2267 1358 2351 ipse“.

320 2365 490 2431 Contraria
502 2365 668 2431 collocatio
684 2367 905 2450 pronominum
918 2368 1013 2452 „iste“
1024 2374 1056 2434 et
1067 2368 1187 2450 ,‚idem“
1198 2369 1359 2434 invenitur

236 2469 313 2534 Hec.
328 2471 390 2530 754
414 2472 447 2532 et
467 2467 604 2553 Adelph.
620 2470 691 2534 599.
1298 2545 1301 2550 Ι

321 2570 397 2638 Hoc
410 2573 471 2634 754
487 2569 617 2657 legitur3
640 2578 737 2652 atque
751 2571 833 2638 istuc
846 2571 1071 2640 iusiurandum
1086 2572 1172 2640 idem
1187 2573 1359 2658 polliceare

234 2673 308 2740 illis.
323 2711 367 2722 --
389 2673 522 2740 licinius
545 2680 630 2738 recto
652 2675 794 2758 corrigit:
817 2674 1035 2740 iusiurandum
1059 2674 1145 2742 item.

320 2774 456 2858 Adelph.
471 2777 533 2838 599
548 2773 678 2858 legitur:
698 2781 798 2858 atque
813 2777 914 2842 istaec
928 2776 1051 2858 eadem,
1074 2796 1159 2859 quae
1175 2775 1255 2842 mihi
1269 2777 1359 2855 dixti,

235 2885 304 2944 tute
325 2878 417 2944 dicas
439 2878 574 2944 mulieri.
596 2915 639 2926 -
666 2879 799 2944 Reinius
822 2880 957 2947 coniecit
979 2886 1094 2963 „atque
1116 2879 1225 2947 omnia
1247 2881 1355 2962 ista‘ec,

235 2980 346 3064 quac“,
377 2979 434 3045 sed
464 2999 504 3044 ne
536 2979 596 3044 sibi
627 2980 690 3065 ipsi
720 2979 848 3062 quidem
878 2982 1006 3064 placere
1035 2981 1118 3048 hano
1145 2981 1358 3048 coniecturam

235 3083 359 3148 latetur⁸
403 3082 478 3148 Mea
500 3082 629 3166 quidem
652 3083 811 3150 sententia
839 3082 920 3148 haec
942 3084 1073 3150 insolita
1094 3084 1261 3150 collocatio
1284 3083 1359 3148 inde

236 3184 430 3273 explicanda
457 3191 514 3269 est,
543 3184 629 3267 quod
659 3185 850 3251 attractione
878 3185 1020 3268 quadam
1043 3185 1193 3271 ‚‚eadem“
1216 3187 1359 3270 proxime

236 3307 256 3351 a
272 3288 460 3372 pronomine
475 3288 609 3354 relativo
625 3288 777 3372 scriptum
794 3294 850 3354 est.
895 3288 1099 3354 Simillimum
1116 3296 1164 3355 est
1175 3290 1356 3373 exemplum

235 3389 348 3474 Amph.
364 3393 438 3454 614:
460 3397 649 3474 prognatum
672 3398 765 3476 patre
791 3391 913 3474 eodem,
935 3411 998 3474 quo
1020 3411 1079 3474 ego
1102 3412 1181 3472 sum,
1205 3391 1246 3456 of.
1260 3412 1291 3476 p.
1307 3393 1359 3456 38.

234 3491 323 3557 Idem
340 3492 458 3557 sentire
473 3491 631 3556 Daiatzko
647 3491 726 3556 mihi
749 3493 881 3571 videtur,
905 3512 976 3558 cum
999 3495 1032 3558 in
1055 3493 1128 3558 adn.
1144 3493 1210 3558 crit.
1227 3493 1270 3558 ad
1286 3492 1314 3560 h.
1327 3513 1357 3558 r.

237 3593 323 3674 dicit,
345 3593 482 3658 fortasse
505 3598 578 3676 post
600 3592 737 3676 ,‚istaeo“
759 3594 872 3661 leniter
893 3614 966 3662 esse
989 3594 1258 3678 distinguendum.

779 3785 815 3852 E.

322 3899 455 3965 Constat
476 3900 562 3985 apud
579 3900 728 3966 Plautum
745 3907 777 3968 et
793 3903 985 3984 Terentium,
1009 3901 1036 3967 si
1052 3903 1231 3987 compluria
1245 3923 1359 3988 prono

235 4002 324 4068 mina
350 4001 383 4067 in
412 4023 474 4066 uno
506 4004 671 4069 enuntiato
701 4009 838 4086 exstant,
867 4003 948 4070 haec
979 4005 1189 4072 collocatione
1218 4007 1302 4072 inter·
1324 4026 1358 4072 sc

236 4104 385 4187 coniungi
406 4105 520 4186 solere,
548 4105 676 4178 etiamsi
699 4105 830 4171 minime
860 4103 942 4170 inter
972 4126 1007 4172 se
1037 4107 1254 4174 construenda
1278 4113 1358 4174 sunt.

236 4207 320 4272 Fieri
335 4211 444 4272 autem
461 4225 592 4273 necesse
609 4216 667 4292 est,
681 4214 716 4278 ut
731 4210 834 4274 multa
849 4208 1048 4292 pronomina,
1068 4229 1153 4292 quae
1168 4209 1358 4294 saepissime
