3152 4852
251 287 293 348 26

250 475 322 521 6666
351 455 506 520 vidimus:
528 453 620 533 Quae
651 457 732 521 alios
763 458 972 542 conlaudare,
1000 479 1099 542 eapse
1122 479 1193 524 sese
1215 479 1292 522 vero
1313 480 1376 522 non

250 565 355 642 potest
383 558 424 623 ef.
457 579 488 642 p.
516 563 562 641 17,
593 557 763 644 Scioppius
792 560 886 644 Susp.
915 562 1000 628 lectt.
1019 563 1072 644 IV,
1097 568 1143 643 11,
1172 582 1203 646 p.
1223 565 1295 645 204,
1322 561 1375 630 ubi

254 667 401 745 ,rtrrpse“¹
420 661 571 742 restituit,
599 663 698 728 etiam
729 662 770 726 de
800 662 904 727 forma
938 671 1075 748 ,sapsa‘
1108 664 1245 748 cogitat,
1279 684 1375 747 quam

250 764 385 829 sormam
400 765 516 830 Festus
538 786 567 850 p.
585 767 645 828 325
669 765 719 830 516
741 771 886 848 testatur,
908 787 980 831 curn
1004 767 1095 833 dicit:
1119 768 1208 832 Idem
1224 765 1376 852 (1166166)

251 888 322 932 cum
352 868 400 932 ait
430 887 560 952 sapsam
590 889 648 953 pro
677 869 751 953 ipsa
773 889 833 934 nee
855 870 937 952 alia,
968 871 1058 955 ponit
1080 871 1114 935 in
1136 870 1157 934 Ι.
1173 871 1268 935 XlII:
1291 871 1376 934 Nam

252 993 302 1038 res
325 992 425 1056 sapsa
452 973 522 1036 loco
549 991 619 1038 sese
646 979 849 1056 ostentatque
877 973 1038 1056 iubetque
1089 976 1131 1039 Et
1155 974 1316 1039 Pacuvius
1343 973 1376 1038 in

252 1076 388 1139 Teucro:
418 1074 504 1138 Nam
534 1075 692 1140 Teucrum
715 1076 791 1166 *regi
823 1095 923 1159 sapsa
951 1095 1001 1141 res
1036 1075 1212 1142 restibiliet
1242 1114 1285 1123 —
1313 1075 1375 1141 Sed

251 1178 321 1242 sine
343 1177 439 1241 dubio
462 1177 542 1244 baec
564 1178 670 1242 forma
691 1180 770 1243 item
793 1185 828 1244 ut
851 1179 975 1245 formae
994 1199 1076 1260 „sas,
1098 1198 1144 1260 sa,
1167 1185 1269 1263 sam“,
1291 1199 1377 1262 quae

251 1281 344 1365 ipsae
375 1300 501 1363 quoque
530 1281 616 1365 apud
646 1281 786 1346 Ennium
816 1281 1031 1365 inveniuntur,
1061 1282 1211 1347 convenit
1240 1281 1376 1348 sermoni

252 1383 344 1468 epico
366 1390 398 1448 et
420 1383 543 1468 tragico
565 1404 669 1466 neque
691 1384 723 1448 in
747 1384 949 1450 comoediam
971 1385 1198 1452 transferenda
1219 1391 1277 1450 661.

337 1485 407 1550 Η66
429 1485 470 1549 de
491 1505 590 1550 causa
612 1485 711 1551 etiam
735 1486 838 1551 forma
865 1492 1031 1571 ,sumpse“
1057 1505 1170 1570 pamm
1198 1486 1376 1570 probabilis
1496 1561 1498 1565 ⁸

252 1593 312 1668 est,
343 1606 439 1668 quam
463 1586 622 1670 Bergkius
653 1588 803 1672 proponit
829 1589 921 1652 Truc.
946 1591 1014 1652 1511.
1046 1588 1263 1655 Counssco:
1293 1586 1378 1666 Quia

252 1688 329 1770 quia
358 1689 493 1754 alterum
522 1690 648 1754 incusat
677 1690 800 1774 probri,
835 1692 970 1774 sumpsit
1004 1691 1134 1755 sanitari
1162 1695 1295 1778 oportet
1338 1691 1377 1755 L:
1417 1769 1420 1776 ν

184 1879 187 1884 Ι
257 1793 353 1875 ,quia
376 1791 447 1874 qui“
476 1812 529 1871 ,66
551 1793 656 1877 ipsum
680 1793 828 1858 intueri“.
872 1793 1002 1876 Bergkii
1024 1793 1208 1858 coniectura
1233 1811 1379 1876 ,sumpse

253 1895 387 1960 enitere“
403 1894 555 1978 probatur
566 1894 770 1973 Buechelero,
784 1894 951 1980 Sehoellio,
964 1896 1078 1979 Leoni,
1095 1903 1206 1960 contra
1220 1895 1378 1979 Bergkius

252 1998 322 2081 ipse
344 1997 486 2080 praefert
512 1998 634 2081 ,ipsum
660 1999 794 2064 nitere“.
837 1998 1030 2082 Spengelius
1053 1998 1172 2063 codicis
1192 2000 1219 2072 L
1242 1999 1378 2064 lectione

253 2100 391 2164 refutata
414 2100 525 2165 scribit
551 2107 1018 2186 ,66616666666666661161.1
1073 2102 1169 2168 Certa
1197 2100 1378 2166 emendatio
1459 2101 1462 2107 '

253 2202 393 2266 nondum
417 2203 550 2267 inventa
573 2210 629 2270 est.
1116 2205 1118 2209 ’

337 2305 437 2370 Plane
477 2305 673 2371 reiciendum
705 2311 755 2371 661
788 2306 978 2390 ,ipsipsus“‚
1009 2305 1094 2388 quod
1121 2306 1238 2388 legitur
1264 2307 1295 2369 in
1319 2305 1378 2370 cod

252 2409 354 2490 Leng.
378 2408 454 2472 Oist.
470 2408 510 2489 11,
527 2411 554 2489 3,
570 2410 620 2492 58,
649 2408 703 2473 ubi
733 2407 845 2492 optimi
875 2407 1001 2474 codices
1031 2407 1194 2474 exhibent:
1227 2409 1258 2472 16
1284 2406 1374 2492 ipsus

252 2516 309 2574 661.
338 2509 397 2574 eho
412 2516 455 2588 tu,
479 2529 574 2593 quam
598 2531 655 2575 vos
673 2511 768 2594 igitur
783 2510 881 2575 filiam
899 2517 971 2576 cett.
987 2549 1030 2577 -,
1054 2510 1260 2576 Camerarius
1276 2509 1375 2574 etiarn

253 2603 343 2676 'fruc
363 2616 422 2676 123
445 2613 626 2678 coniectura
652 2614 831 2697 ,ipsipsus“
857 2615 994 2697 scripsit.

342 2714 510 2799 ,ipsemet“
541 2716 640 2780 semel
667 2715 796 2799 legitur:
821 2716 934 2800 Amph.
952 2719 1012 2780 102
1036 2717 1068 2780 16
1090 2716 1278 2799 priusquam
1302 2715 1378 2780 binc

254 2816 334 2881 abiit
362 2817 497 2901 ipsemet
527 2818 559 2881 in
590 2818 771 2885 exercitum.
792 2857 835 2866 -
858 2817 994 2885 Omnino
1022 2818 1187 2883 rarissime
1209 2819 1290 2883 haec
1313 2839 1376 2882 vox

254 2920 414 2986 invenitur
429 2920 467 2986 61.
483 2921 592 2986 Senec.
608 2941 657 3006 ep.
675 2926 743 3000 117,
759 2925 799 2984 22
823 2921 981 3007 (Fickert)
997 2929 1029 2987 et
1045 2921 1109 2987 cic.
1125 2923 1213 2987 Verr.
1230 2922 1287 3004 ΙΙΙ,
1306 2926 1331 3005 1,
1347 2924 1375 2984 3.

254 3061 296 3071 -
319 3023 356 3088 cf.
379 3023 588 3090 Ruhnkenius
611 3025 653 3088 ad
676 3026 789 3091 Muret.
812 3045 896 3109 oper.
912 3027 937 3107 Ι,
953 3027 1023 3088 221.

341 3126 413 3190 1666
443 3127 577 3209 comico,
608 3134 642 3192 ut
672 3127 820 3212 Pompeii
847 3127 1052 3210 grammatici
1079 3127 1188 3192 verbis
1218 3132 1289 3191 utar
1311 3123 1380 3210 (Gr.

255 3230 310 3292 lat.
323 3229 359 3312 V,
374 3229 456 3313 153),
473 3229 591 3314 dictum
610 3236 657 3295 661
672 3229 887 3314 ,ipsissimus“
906 3231 994 3296 Trin.
1009 3233 1084 3296 958:
1103 3231 1224 3314 ,Ipsus
1240 3230 1380 3312 inquam,

257 3332 447 3396 Charmides
471 3353 549 3398 tum.
588 3333 672 3415 Ergo
695 3332 876 3416 ipsusne's?
913 3333 1128 3418 Ipsissimus‘‚
1150 3351 1247 3414 quam
1271 3350 1381 3414 super-

256 3433 347 3499 lativi
369 3436 506 3500 formam
529 3435 570 3501 ab
587 3435 722 3500 Afranio
738 3455 865 3518 quoque
882 3441 1070 3519 usurpatam
1087 3453 1158 3499 esse
1172 3431 1260 3498 idern
1275 3453 1383 3517 gram·

257 3523 394 3601 maticus
411 3537 502 3602 tastis
516 3545 573 3602 est.
602 3535 755 3602 Similiter
771 3529 958 3614 αὐτότατος
973 3537 1146 3602 formatum
1160 3542 1208 3600 est
1221 3534 1380 3620 Aristoph.

257 3639 337 3703 Plut
354 3642 403 3705 83.
437 3676 474 3686 -
504 3639 679 3705 Teuffclius
702 3638 878 3724 (11666161.
901 3639 1073 3705 15611111
1094 3659 1125 3722 p.
1143 3640 1215 3723 804,
1236 3626 1331 3704 Anm.
1345 3638 1379 3722 2)

257 3740 427 3826 contendit,
449 3748 561 3825 postea
585 3742 687 3806 altero
710 3742 762 3806 vel
784 3741 877 3806 tertio
899 3748 972 3825 pust
995 3740 1067 3806 Chr.
1089 3760 1118 3805 n.
1141 3741 1279 3820 saeculo,
1307 3760 1378 3804 oum

258 3844 429 3927 scriptores
451 3843 591 3909 maxime
615 3843 757 3926 antiquis
779 3842 911 3908 vocibus
933 3843 1142 3927 indulgerent,
1165 3843 1206 3908 ab
1225 3863 1287 3908 nno
1303 3842 1381 3906 alte·

257 3964 334 4010 rore
355 3953 542 4030 usurpatam
574 3965 645 4011 esse
674 3945 758 4010 banc
787 3964 899 4011 vocem
930 3945 1029 4010 etiam
1058 3947 1091 4020 in
1119 3945 1205 4012 seria
1228 3945 1380 4028 oratione,

261 4047 313 4120 ubi
336 4047 415 4116 nihil
438 4048 537 4112 iocosi
560 4047 684 4113 efficere
708 4047 868 4114 volebant.

667 4288 971 4306 W
