3152 4852
1271 287 1307 348 11

186 456 237 522 vel
268 455 351 520 clam
375 455 427 521 rel
458 455 615 540 precario.
657 455 761 539 „ipsc“
793 457 890 522 ceteri
921 455 1013 523 codd.
1041 493 1082 502 —
1111 456 1313 521 Hermannus

186 558 338 625 adverbio
368 558 487 643 „nunc“
516 557 629 624 addito
659 559 749 642 legit:
779 559 856 624 Flos
885 559 963 644 ipse.
1008 559 1101 624 Nune
1129 559 1213 625 hano
1240 563 1312 625 cett.

186 661 251 726 Sed
272 659 477 726 Fleckeiseni
505 660 689 726 emendatio
712 661 807 743 „Flos
828 661 928 746 ipsus.
970 661 1082 726 Hance
1104 661 1155 725 tu“
1182 660 1313 746 propius

109 771 115 781 ‘
186 763 230 830 ad
252 762 442 828 Bembinum
465 764 619 829 accedere
641 762 775 830 videtur.

271 866 416 950 ,‚lpsum“
431 884 488 949 pro
504 865 627 948 „ipsus“
642 866 676 931 in
689 864 843 931 Bembino
858 864 956 930 etiam
973 865 1053 931 Eun.
1065 867 1127 929 566
1144 865 1312 947 invonitur,

190 967 247 1034 uhi
269 967 440 1050 legendum
464 973 525 1032 est:
549 967 630 1032 (lum
652 967 742 1051 ipsus
764 987 815 1032 66
838 967 925 1030 noris
944 973 1020 1033 cett.
1034 987 1062 1031 r.
1077 987 1106 1051 p.
1119 969 1170 1034 33.

273 1070 350 1136 Η66.
366 1071 428 1133 784
455 1068 545 1135 codd.
568 1068 734 1135 exhibent:
761 1068 845 1147 Quid
871 1067 949 1134 mihi
975 1070 1076 1135 istaec
1105 1069 1239 1135 narras?
1269 1092 1312 1136 an

188 1172 266 1253 qnia
293 1191 356 1236 non
385 1177 452 1237 tute
478 1170 547 1256 ipse
575 1171 696 1237 dudum
723 1170 865 1237 audisti?
886 1207 929 1218 -
951 1170 1137 1236 Defendunt
1159 1172 1313 1238 traditam
1438 1246 1442 1251 .

188 1274 375 1356 scripturam
391 1293 455 1338 non
472 1273 670 1338 offendentes
685 1273 718 1339 in
734 1274 876 1340 numeris
889 1273 1052 1339 Bentleius
1067 1280 1100 1338 et
1113 1274 1311 1341 Conradtius
1373 1281 1375 1286 '

190 1376 302 1442 Doloto
329 1377 518 1460 pronomine
544 1376 649 1461 „ipse“
671 1376 1227 1461 Umpienbachius,Fleckeisonus,
1254 1378 1313 1442 alii

188 1477 329 1544 scribunt
355 1483 441 1562 „tute
468 1477 615 1544 dudum“.
665 1478 730 1544 Sed
757 1497 827 1543 oum
856 1477 1021 1562 ‚,ipsc“,et
1049 1479 1196 1544 omnibus
1225 1477 1317 1543 libris

188 1586 221 1646 et
252 1580 423 1646 aDonato
455 1581 662 1665 praebeatur,
693 1580 810 1645 rectius
835 1579 991 1645 Dniatnko
1020 1581 1130 1646 scribit
1159 1585 1212 1665 „tu
1244 1581 1315 1664 ipse

188 1682 335 1749 dudum“.

274 1785 387 1868 ltaque
401 1792 530 1868 praeter
549 1805 662 1851 versus
684 1805 782 1869 supra
805 1793 1010 1851 enumeratos
1033 1787 1138 1871 ‚,ipse“
1154 1786 1314 1850 invenitur

187 1880 266 1953 Hoc.
282 1889 352 1971 784,
373 1887 497 1972 „ipsus“
520 1886 617 1956 Andr.
634 1890 703 1951 442.
721 1890 792 1951 527.
817 1887 898 1953 Eun.
909 1890 981 1955 319.
996 1891 1067 1953 566.
1084 1890 1156 1952 782.
1179 1886 1315 1971 Adelph.

192 1994 244 2058 78.
260 1993 339 2070 538,
362 1990 409 2084 ita
424 1997 460 2056 ut
474 1991 578 2074 „ipse“
594 1991 702 2056 tricies
718 1996 841 2073 quator,
863 1989 987 2074 „ipsus“
1001 1990 1099 2056 vicies
1112 1996 1160 2056 tor
1175 1991 1315 2075 legatur,

189 2093 247 2160 scd
261 2115 291 2159 v.
305 2114 336 2179 p.
355 2096 402 2157 12.

276 2297 467 2380 Priusquam
482 2298 524 2364 do
540 2299 671 2381 reliquis
688 2300 816 2365 casibus
839 2299 954 2382 dicam,
976 2299 1089 2382 paucis
1112 2299 1314 2382 comprehen-

189 2401 273 2484 dam,
289 2400 366 2484 quid
382 2401 547 2485 exemplis,
570 2420 654 2484 quae
669 2402 780 2467 adhuc
795 2401 897 2484 attuli,
918 2400 1106 2485 diligentius
1120 2401 1315 2467 examinatis

189 2503 366 2586 indagasse
388 2503 466 2568 mihi
488 2503 607 2569 ridear.
961 2523 964 2528 ·

275 2604 386 2671 Facile
412 2604 617 2688 intellegitur,
646 2605 781 2669 formam
809 2605 984 2690 pleniorem
1006 2605 1133 2690 „ipsus“
1155 2612 1221 2670 tum
1244 2626 1315 2674 6666

191 2705 383 2786 adhibitam,
405 2707 432 2772 si
456 2727 631 2791 pronomen
654 2706 778 2790 majore
804 2709 836 2770 vi
859 2707 1052 2774 efferendum
1077 2714 1155 2773 erat.
1199 2709 1315 2792 ltaque

190 2809 315 2894 plenior
336 2809 440 2874 forma
467 2810 655 2894 saepissimo
678 2809 847 2892 invonitur,
870 2810 897 2874 si
920 2809 979 2875 hoo
1003 2831 1177 2895 pronomen
1201 2831 1258 2895 per
1280 2832 1316 2878 se

133 2961 138 2974 .
191 2915 210 2980 i.
232 2935 260 2982 e.
297 2915 366 2981 sine
403 2915 605 2981 substantivo
642 2914 781 2998 positum
825 2933 896 2980 cum
933 2916 1045 2981 formis
1082 2916 1171 2981 vorbi
1211 2918 1316 3001 „csse“

192 3017 401 3100 coniungitur.

276 3120 489 3186 Inveniuntur
510 3118 590 3184 haec
612 3119 777 3202 exempla:
805 3119 892 3183 Asin.
910 3121 971 3182 379
995 3120 1081 3185 illest
1103 3121 1200 3206 ipsus,
1224 3121 1316 3206 Oapt.

192 3223 254 3285 990
280 3222 357 3304 quin
379 3223 454 3287 istic
475 3223 578 3306 ipsust
593 3221 771 3306 Tyndarus,
795 3221 885 3288 Curc.
900 3224 960 3286 437
978 3223 1032 3287 ubi
1048 3222 1160 3306 ipsust,
1183 3223 1261 3290 Oist.
1276 3225 1316 3308 Il,

194 3325 222 3406 3,
239 3325 279 3388 58
303 3325 331 3388 is
345 3323 458 3408 ipsust,
481 3323 595 3388 Bacch.
612 3326 673 3386 549
696 3324 786 3406 ipsus
802 3344 870 3388 sum
895 3324 981 3408 mihi,
1004 3325 1098 3390 Mero.
1114 3328 1175 3389 759
1198 3333 1232 3391 tu
1245 3327 1317 3392 istic

192 3425 299 3509 ipsu’s,
328 3425 443 3490 Pseud.
460 3428 521 3489 439
544 3426 633 3508 ipsus
664 3425 769 3508 fuerit,
798 3428 860 3490 989
891 3405 1002 3510 purus'
1019 3433 1115 3512 putus
1142 3434 1191 3492 est
1218 3428 1316 3512 ipsus,

193 3527 288 3610 Pocn.
312 3528 372 3591 708
403 3534 438 3591 ut
468 3527 557 3610 ipsus
587 3527 679 3593 testis
709 3527 750 3591 sit
779 3527 840 3592 sibi
870 3527 1083 3613 certissimus,
1114 3529 1210 3596 Poen.
1235 3532 1316 3593 1046

191 3647 251 3711 ego
277 3648 347 3694 sum
375 3630 473 3714 ipsus,
499 3628 587 3694 Trin.
603 3631 664 3694 985
687 3649 747 3712 ego
770 3651 840 3695 666
865 3631 963 3715 ipsus,
992 3633 1052 3694 987
1080 3633 1109 3696 is
1132 3631 1315 3715 ipsusne's?
1358 3647 1361 3654 ’

194 3731 292 3797 Andr.
309 3736 371 3798 598
395 3733 450 3798 ubi
472 3752 556 3798 nuno
578 3739 627 3798 est
649 3733 747 3817 ipsus,
769 3733 893 3799 Phorm.
910 3737 970 3798 852
993 3736 1105 3819 ipsust.

281 3836 353 3901 Huc
376 3853 502 3917 quoque
524 3835 635 3900 referri
658 3841 792 3920 possunt
816 3835 896 3918 haec
918 3839 1083 3920 exempla:
1106 3838 1199 3922 lapid.
1214 3840 1255 3902 69
1277 3857 1316 3905 66

193 3943 360 4003 venturust
382 3936 481 4021 ipsus,
504 3938 590 4002 Pers.
606 3939 668 4000 656
691 3937 780 4020 ipsus
803 3936 902 4021 probe
924 3938 1090 4022 perditust.

283 4041 397 4123 ltaque
412 4060 469 4124 pro
486 4025 570 4105 corto
583 4037 717 4122 affirmo,
732 4060 802 4104 666
819 4040 1029 4106 deterioribus
1041 4042 1131 4108 oodd.
1142 4044 1315 4126 pleniorem

193 4141 331 4207 formam
352 4140 555 4207 scribendam
577 4161 662 4207 esse:
685 4140 821 4227 Adelph.
838 4144 877 4206 78
894 4141 958 4208 Sed
977 4148 1067 4208 estne
1089 4142 1140 4209 hio
1154 4145 1254 4230 ipsus,
1275 4146 1316 4214 de

193 4263 256 4327 quo
278 4244 443 4328 agebam?
473 4248 504 4309 et
525 4243 660 4328 Adelph.
676 4247 737 4308 538
760 4246 855 4310 Pater
877 4244 948 4311 est?
980 4246 1014 4310 Is
1037 4245 1148 4329 ipsust
